"DATE","DESCRIPTION","AMOUNT","ID","MEMO","CURRENT BALANCE"
"07/05/2022","WITHDRAWAL ATM 0704 1649 158460 420 MIDDLESEX RD        TYNGSBORO    MA","-$103.25","VQBWAFMAMABIAFIAbwBiADgASQBCAGYAUAA2AFMAKwA2AGgAZgBwAE0AZwA9AD0A","","$24,489.86"
"07/05/2022","DB DEBIT - 7-04-2022, APPLE.COM/BILL           866-712-7753 CA,AUTH# 611153 DEBIT CARD DEBIT","-$7.99","VgAvAEcAYgBEAG0AMgBOAE0AVQBRAE4AagB3AEwAQQBUAGoAVgBkAEoAZwA9AD0A","","$24,593.11"
"07/05/2022","TRANSFER TO MBR 5136510 ACCT 5 MONTHLY TRANSFER TO FREE CHECKING - ","-$56.16","eQA4AHYANQBYAEYAaQBoAGEASQBTAGMAOQBwADEAcAAxAFIARwBQAGkAQQA9AD0A","NISSAN INSURANCE","$24,601.10"
"07/01/2022","DB DEBIT - 7-01-2022, AKAMAI TECHNOLOGIES, IN  617-444-3000 MA,AUTH# 659342 DEBIT CARD DEBIT","-$5.00","NQAvAGIAdQBsADkAOABMADQAYQB3ADcANgAxAFAAKwBXAGoAYQBlAHoAQQA9AD0A","","$24,657.26"
"06/30/2022","INC TAX - INCOME TAX WITHHOLDING INCOME TAX WITHHOLDING","-$0.92","UABXAEgAYwBOAGIAYwBqADYARwAvAFkARgAxAGEAQgB4AFUANABoAEEAQQA9AD0A","","$24,662.26"
"06/30/2022","DIVIDEND","$3.84","awBGAFIARQBwADYAQwBOADcAMgA1AGUASgA5AHYARgBJAEwAaAA2AE0AZwA9AD0A","","$24,663.18"
"06/29/2022","ELECTRONIC DEPOSIT - AGENUS INC      DIRECT DEP220701","$1,279.42","eABuAEwARQA0ADIANwAvADcARgBsAHYAeQA5AGMARgBsAG8AZgBFAG8AZwA9AD0A","","$24,659.34"
"06/29/2022","WITHDRAWAL ATM 0629 1123 399064 33 COLISEUM AVE         NASHUA       NH","-$23.50","SgA5AFYAOAAxAHkAYgA4AEMASwBZAFYAbABmAFoAYgB0AGwAWQAyAFMAZwA9AD0A","","$23,379.92"
"06/27/2022","WITHDRAWAL POS 0627 1559 275833 WENDYS                  NASHUA       NH","-$13.76","UAB1AEoAagBOAFcARQBPADgARgA0AGoAOABRAHgAKwBZAEwAaABEAFcAdwA9AD0A","","$23,403.42"
"06/27/2022","WITHDRAWAL ATM 0627 1544 268025 420 MIDDLESEX RD        TYNGSBORO    MA","-$63.25","NwBMADYAVwA4ADkASABFAFgAKwBMAGgAMwAzAFcAVgBpAC8AcgAzAHYAQQA9AD0A","","$23,417.18"
"06/27/2022","DB DEBIT - 6-26-2022, CHIPOTLE 1421            WEST HARTFORDCT,AUTH# 677124 DEBIT CARD DEBIT","-$9.82","VQBWAGwAeQAyAHEANwBYAFUAYgAxAEEAQQBNAGwAYQBzAEMAMABpAEcAdwA9AD0A","","$23,480.43"
"06/25/2022","WITHDRAWAL ATM 0625 1411 911789 2600 BERLIN TURNPIKE    NEWINGTON    CT","-$42.00","UABHAHkAUwAzAFAAMgAwAHoAYgAwACsANAAyAHoAVwAxADgASgBrAFUAUQA9AD0A","","$23,490.25"
"06/25/2022","DB DEBIT - 6-24-2022, SQ *MOFONGO RESTAURANT   WINDSOR      CT,AUTH# 383042 DEBIT CARD DEBIT","-$43.98","awB3AEsAQwBIAHMATgBHAGsAOQBJAFQASgAwAFQAZABIAEoAbgAzAFAAZwA9AD0A","","$23,532.25"
"06/21/2022","WITHDRAWAL ATM 0620 1538 493574 420 MIDDLESEX ROAD      TYNGSBOROUGH MA","-$123.00","RQBHAFgAdQBKAG0AeQBGADIARwBCAGUASwAvAHoAawBiAFgAMwBHAFoAQQA9AD0A","","$23,576.23"
"06/21/2022","DB DEBIT - 6-19-2022, PULSE SOLUTIONS          HTTPSPULSEGROCA,AUTH# 989476 DEBIT CARD DEBIT","-$50.00","TABmADIAYwBhAGYAMwBWAHgAMQB4AEYAVABXAEMARgBjADcAWgBFAE8AZwA9AD0A","","$23,699.23"
"06/21/2022","DB DEBIT - 6-17-2022, WILDSIDE SMOKESHOP       NASHUA       NH,AUTH# 303021 DEBIT CARD DEBIT","-$54.99","VgAvADIASQBzAFUARQAxAGwAUQBSAG4ATQAwADgAagBUAEIAMwBwAHkAZwA9AD0A","","$23,749.23"
"06/17/2022","DB DEBIT - 6-17-2022, APPLE.COM/BILL           866-712-7753 CA,AUTH# 76018 DEBIT CARD DEBIT","-$2.99","WAB2AEgAZgBBAFIASwBVAHYASgBCAHQAQgByAE8AYwBTAEIATABIAFcAUQA9AD0A","","$23,804.22"
"06/16/2022","DB DEBIT - 6-16-2022, DOORDASH*CHICK-FIL-A     WWW.DOORDASH.CA,AUTH# 906552 DEBIT CARD DEBIT","-$21.69","MABuAFMAVAA4AFQARgAyADYAeQAyAHgAbwBnAGQAZwBnAFMAOQBuADIAQQA9AD0A","","$23,807.21"
"06/15/2022","DB DEBIT - 6-15-2022, APPLE.COM/BILL           866-712-7753 CA,AUTH# 642985 DEBIT CARD DEBIT","-$4.99","cAAzAGUATgBhACsATABZAFcAOQBtAEkAUgBOAHQATgBDAHoASQB5AEEAZwA9AD0A","","$23,828.90"
"06/15/2022","ELECTRONIC DEPOSIT - AGENUS INC      DIRECT DEP220617","$1,833.27","RgArAFYAYwBjAFYAcQAyAGYAMgBNAHkAUABuAEkARwBQADAAVAAzAEkAQQA9AD0A","","$23,833.89"
"06/15/2022","ELECTRONIC WITHDRAWAL CARDMEMBER SERV WEB PYMT  220615","-$543.44","YwB6AHQATQBSAEYAQwAzAE8AZQBRAFEAQQBpACsAWABwAGYAeQBIAEQAUQA9AD0A","","$22,000.62"
"06/14/2022","WITHDRAWAL ATM 0614 1641 334972 420 MIDDLESEX ROAD      TYNGSBOROUGH MA","-$103.00","SgA2AFQAbgArAFIARgBKAFYAMQBsAFMAMAB1AFYAVQBMAHYAQQBZAEEAUQA9AD0A","","$22,544.06"
"06/14/2022","DB DEBIT - 6-13-2022, PANERA BREAD #601057 P   WATERBURY    CT,AUTH# 578732 DEBIT CARD DEBIT","-$7.72","ZgB2AGYAeQBLAEIAcgBhAEIAMgBBAEoAQwBTADUAMAA3AEQAMAA0ADUAQQA9AD0A","","$22,647.06"
"06/14/2022","DB DEBIT - 6-13-2022, EAST BROOK FITNESS       MANSFIELD CENCT,AUTH# 330561 DEBIT CARD DEBIT","-$13.77","WQBuAGMAcQBQAHIAQgBMAG4ANABUAHAASgBwAHcAeQBxAHAAawBLAEUAQQA9AD0A","","$22,654.78"
"06/14/2022","DB DEBIT - 6-12-2022, GAMEXCHANGE WATERBURY    WATERBURY    CT,AUTH# 988263 DEBIT CARD DEBIT","-$52.05","RgBtAFoANgBiADUAWgB5AGsARwBIAFkAaABDAG8ARgBSAGgAVgBRAEkAZwA9AD0A","","$22,668.55"
"06/11/2022","DB DEBIT - 6-11-2022, SUBWAY 11588             WOLCOTT      CT,AUTH# 261799 DEBIT CARD DEBIT","-$8.90","SwBLAFUAOQBFAFUAYgA2AGoAUgBmAEsATwAyAHAAKwB4ADQASAByAGUAdwA9AD0A","","$22,720.60"
"06/11/2022","DB DEBIT - 6-11-2022, TST* ROBEKS - 357 - WES  WEST HARTFORDCT,AUTH# 650543 DEBIT CARD DEBIT","-$9.44","OQBlAHQAUwBNAGcAcQBaADEAQwBHAHEAYwBnAFMAegBUADcAawBoADAAdwA9AD0A","","$22,729.50"
"06/11/2022","DB DEBIT - 6-10-2022, MCDONALD S F25934        CHARLTON     MA,AUTH# 337154 DEBIT CARD DEBIT","-$7.58","agBMAFEAWABrADMAKwBCAFcAYgBmAEwALwBUAEsARQBEAFcAcwBqAGQAUQA9AD0A","","$22,738.94"
"06/10/2022","DB DEBIT - 6-11-2022, SUBWAY 11588             WOLCOTT      CT,AUTH# 689004 DEBIT CARD DEBIT","-$6.44","eQBQAEQAawBaAE4AWAB2AHcAaABHAGwAZQAwAGwAWAB4AEYATAB0AGUAQQA9AD0A","","$22,746.52"
"06/10/2022","WITHDRAWAL ATM 0610 1410 508515 2600 BERLIN TURNPIKE    NEWINGTON    CT","-$42.00","ZwAxAEEAOQBsAEgAaABvAHUAQQBDAHYAMABuAGwAbwA0AE8AMQBEAE4AUQA9AD0A","","$22,752.96"
"06/10/2022","DB DEBIT - 6-10-2022, HANNAFORD #8186          NASHUA       NH,AUTH# 302675 DEBIT CARD DEBIT","-$6.39","WABBAG4ASwA0ACsAQgB2AGgAMAB6AGEANAB1AFoAdQBJADIASwBpAHgAQQA9AD0A","","$22,794.96"
"06/09/2022","WITHDRAWAL ATM 0609 1901 968957 420 MIDDLESEX ROAD      TYNGSBOROUGH MA","-$58.00","cAA4AG4AMgAzADcARwA3AGwATwB4ADgASQA2AGYASABLAGIAWAA1AGQAQQA9AD0A","","$22,801.35"
"06/09/2022","DB DEBIT - 6-09-2022, AMC ONLINE 9640          8884404262   KS,AUTH# 267088 DEBIT CARD DEBIT","-$15.78","TQBhADcAMQBFAEUAawA3AGMALwBlADcAcgBmAGMAWgBNAGsAVgBUAC8AQQA9AD0A","","$22,859.35"
"06/07/2022","WITHDRAWAL POS 0607 0911 266470 APPLE COM BILL          CUPERTINO    CA","-$10.62","agAxAE4AbwBtAEUAVwBlADgAMgBtADMASQAxAHUAVgBOAGcAcgAvAGUAQQA9AD0A","","$22,875.13"
"06/06/2022","ELECTRONIC WITHDRAWAL SUBSCRIPTION    ACORNS    060622","-$3.00","OABZADMAZgBVADcAQQBzAHQANQBXADMAYgBQAEsAWQBFAGYATwB0ADkAQQA9AD0A","","$22,885.75"
"06/06/2022","DB DEBIT - 6-06-2022, NIKEPOS_US               CLINTON      CT,AUTH# 319077 DEBIT CARD DEBIT","-$62.94","dQBhAEoAeQBGAFoATAB5ADUASwBtAFcAVwBaAFUAbwB1AEgAOQBSAHkAdwA9AD0A","","$22,888.75"
"06/06/2022","DB DEBIT - 6-05-2022, DOORDASH DASHPASS        WWW.DOORDASH.CA,AUTH# 248765 DEBIT CARD DEBIT","-$9.99","RABaAGkAbwB5AG8AZgBoAEoAcQBiAEgARwBwAEEAVwB0ADcANABGAHEAdwA9AD0A","","$22,951.69"
"06/06/2022","DB DEBIT - 6-05-2022, TST* ROBEKS - 357 - WES  WEST HARTFORDCT,AUTH# 456918 DEBIT CARD DEBIT","-$9.44","cAB4AHIAagB1ADEAZQBuADcANwBmAEcAUwBIAE8AZgBUAHMAOABiAGUAdwA9AD0A","","$22,961.68"
"06/04/2022","WITHDRAWAL POS 0604 1716 608132 MARSHALLS #0489         W. HARTFORD  CT","-$40.39","YgBLAEYARQBoAHoAUwBIAEEAbABjAG4AMABwAEYAVwAvADAAZgBpADEAdwA9AD0A","","$22,971.12"
"06/04/2022","TRANSFER TO MBR 5136510 ACCT 5 MONTHLY TRANSFER TO FREE CHECKING - ","-$56.16","RwBwAGMAeQB0AHUASwBVAFAAbwB4AGgAOABTAHIANgAvAGoAVAB6ADQAZwA9AD0A","NISSAN INSURANCE","$23,011.51"
"06/03/2022","DB DEBIT - 6-03-2022, APPLE.COM/BILL           866-712-7753 CA,AUTH# 110617 DEBIT CARD DEBIT","-$7.99","TwBYACsATABGAFYAMwBCAEYAbABYAHcAVQBJAE0ANABYAE4AYgBYAFEAQQA9AD0A","","$23,067.67"
"06/02/2022","WITHDRAWAL ATM 0602 1747 132624 420 MIDDLESEX ROAD      TYNGSBOROUGH MA","-$58.00","UQBzAEgAagBDADcAcQBJAGkAaQAxAGkAcAAvAGoAeABVAE8ARwBBAEQAdwA9AD0A","","$23,075.66"
"06/02/2022","DB DEBIT - 6-01-2022, PANERA BREAD #203416 P   NASHUA       NH,AUTH# 478170 DEBIT CARD DEBIT","-$7.91","WQBkAGoAZgA3AC8ASwBQAGwARABtAHAAawBXAC8AYQBpADAANQBBAFcAUQA9AD0A","","$23,133.66"
"06/01/2022","ELECTRONIC DEPOSIT - AGENUS INC      DIRECT DEP220603","$1,833.25","WQArAEYAMwBLAGsANQArAEoAYwA1AG4AdwA0ADgAMABrADkAUQArAE4AZwA9AD0A","","$23,141.57"
"06/01/2022","DB DEBIT - 6-01-2022, LINODE                   855-454-6633 PA,AUTH# 958326 DEBIT CARD DEBIT","-$5.00","QQBzAHIAMgAyAGMAVQBTAGsAQQBTAHQAOABmAHMAeABpADgASwBFAFIAQQA9AD0A","","$21,308.32"
"06/01/2022","DB DEBIT - 6-01-2022, DOORDASH*CHICK-FIL-A     WWW.DOORDASH.CA,AUTH# 573169 DEBIT CARD DEBIT","-$20.17","NABxAHMAUgA2AHgAUABtAHoALwBNAFIAbQBnAGYAMwBuAHIARQAvADgAQQA9AD0A","","$21,313.32"
"05/31/2022","INC TAX - INCOME TAX WITHHOLDING INCOME TAX WITHHOLDING","-$0.42","bQB0AG4AVwB1AHAAUwBBAEgAZQBYAFgAUwBEADgAWgBKAFoASABGAGkAZwA9AD0A","","$21,333.49"
"05/31/2022","DIVIDEND","$1.77","TwBZAEEAMQBBAEUAZABaAHUATgAxAGgAbAB5AFoAQwA3AEUAZQBTAGIAQQA9AD0A","","$21,333.91"
"05/31/2022","DB DEBIT - 5-29-2022, SHELL SERVICE STATION    NASHUA       NH,AUTH# 612232 DEBIT CARD DEBIT","-$10.35","TABqAEcAZABBAG4ALwBXAHQANABCAG4ARQA3AFgAQgBQAG0ASgBrAGUAdwA9AD0A","","$21,332.14"
"05/28/2022","DB DEBIT - 5-28-2022, DOORDASH*TJS RESTAURAN   WWW.DOORDASH.CA,AUTH# 130524 DEBIT CARD DEBIT","-$103.15","QQBFAGkAagBaAEMANQBkADMATQA2AFEAUABmAFYAMQBxAEkAQgB3AHIAdwA9AD0A","","$21,342.49"
"05/27/2022","DB DEBIT - 5-26-2022, STOP   SHOP 0688         OLD SAYBROOK CT,AUTH# 410212 DEBIT CARD DEBIT","-$5.25","bAB4AGwATQBuAHgAMwBTAGMAbQBtAHMAeAB2ADgAcgBEAGgAYQB2AGkAZwA9AD0A","","$21,445.64"
"05/26/2022","DB DEBIT - 5-26-2022, SUBWAY 11588             WOLCOTT      CT,AUTH# 170781 DEBIT CARD DEBIT","-$8.90","MgBHADkANABQAG4AZAA2AEkAaQBoAGsAMABaADkAQQB2AGkAOABxAG4AQQA9AD0A","","$21,450.89"
"05/25/2022","DB DEBIT - 5-25-2022, NINTENDO CD753178876     800-2553700  WA,AUTH# 30967 DEBIT CARD DEBIT","-$7.99","QgArAHIAcQBLAHkAdQBDADcAdwBXAFkAWABkAGcAVwBqAEgARgB1AHMAdwA9AD0A","","$21,459.79"
"05/24/2022","DB DEBIT - 5-24-2022, DOORDASH*POPEYES         WWW.DOORDASH.CA,AUTH# 151071 DEBIT CARD DEBIT","-$25.09","RgA2ADUATwBPAEgANQByAFYAcABRADYAaAB1AEkAQQAxAHMAcwBMAFIAUQA9AD0A","","$21,467.78"
"05/23/2022","WITHDRAWAL ATM 0523 1249 111519 420 MIDDLESEX ROAD      TYNGSBOROUGH MA","-$93.00","bABzAGkAaABnAFYALwBIAHUAbQBkAEcAdgBtAFUAVABsAG8AcgBMAHYAUQA9AD0A","","$21,492.87"
"05/20/2022","DB DEBIT - 5-19-2022, PULSE SOLUTIONS          HTTPSPULSEGROCA,AUTH# 568862 DEBIT CARD DEBIT","-$50.00","dABHAEsANwBmAG4AMgBQADIANAB1AEYARgBCAHgAZgBlAGcAeQBrADUAZwA9AD0A","","$21,585.87"
"05/18/2022","ELECTRONIC DEPOSIT - AGENUS INC      DIRECT DEP220520","$1,837.63","SAAvADAATQBKAEMAbAA2AHQAZABMADYAagA0AEMAcABzAFkAOQBWAFcAQQA9AD0A","","$21,635.87"
"05/17/2022","WITHDRAWAL POS 0517 0539 819102 APPLE COM BILL          CUPERTINO    CA","-$2.99","TwBTAHAAdwA2AEYANwBqAE0AcABnADEAeQBrADcAbABIAEwAcgBuAEcAQQA9AD0A","","$19,798.24"
"05/17/2022","DB DEBIT - 5-16-2022, SQ *MOFONGO RESTAURANT   WINDSOR      CT,AUTH# 566640 DEBIT CARD DEBIT","-$13.94","eQBVAGIAZQBGAGQAUwBOAGoAegBJAGwAMgBpAGQAdABXADEAagB4AG0AUQA9AD0A","","$19,801.23"
"05/16/2022","DB DEBIT - 5-16-2022, VENMO*                   VISA DIRECT  NY,AUTH# 553087 DEBIT CARD DEBIT","-$59.00","OABCADEAaABLADEAZwBNAGUAYgA1AFkAVQBXAGQANQBUADgARQBnAFMAdwA9AD0A","","$19,815.17"
"05/16/2022","ELECTRONIC WITHDRAWAL CARDMEMBER SERV WEB PYMT  220516","-$340.55","RgBLAHQAMABnAEQAbQBJADQANABmAGsAUQBqADMANwArADgAWAByAFoAdwA9AD0A","","$19,874.17"
"05/16/2022","WITHDRAWAL POS 0515 0542 525844 APPLE COM BILL          CUPERTINO    CA","-$4.99","YQByAFcAVQBNAFMAUgBUAHcAUABnAEMAbgA2AG0AQQBxAEEAdwBBAGsAZwA9AD0A","","$20,214.72"
"05/16/2022","DB DEBIT - 5-14-2022, SUBWAY 16347             TOLLAND      CT,AUTH# 225778 DEBIT CARD DEBIT","-$21.45","KwBtAGMATABuAHQASQA3ADAAbgBzADMAQwBXADAAdABxAG0AOQB1AHIAQQA9AD0A","","$20,219.71"
"05/14/2022","WITHDRAWAL ATM 0514 1615 183230 650  WOLCOTT  STREE     WATERBURY    CT","-$100.00","SQBvAEwARQBoAE8AZAB2AHkASwBxAG4AQQB0AHcAUgBGAEUAZwAvAFQAZwA9AD0A","","$20,241.16"
"05/14/2022","DB DEBIT - 5-14-2022, VENMO*                   VISA DIRECT  NY,AUTH# 132809 DEBIT CARD DEBIT","-$40.00","VwBjADUAUABNAHgAegBSACsANwBoAGUAdwBIAFAAVAB5ACsAVABwAFQAUQA9AD0A","","$20,341.16"
"05/14/2022","DB DEBIT - 5-13-2022, PANERA BREAD #203416 P   NASHUA       NH,AUTH# 255178 DEBIT CARD DEBIT","-$3.03","SQBwAEYALwBjAGYAaABRAEEANABQAE0ATwBKAHEAcgBzAEIAcQB1AEoAQQA9AD0A","","$20,381.16"
"05/14/2022","DB DEBIT - 5-13-2022, EAST BROOK FITNESS       MANSFIELD CENCT,AUTH# 979301 DEBIT CARD DEBIT","-$13.77","RwBsAHkAKwBaAEsAQQBpAEMAdwBSAG4AUAAxAEUAUgB4AGsAegBRAG8AdwA9AD0A","","$20,384.19"
"05/13/2022","DB DEBIT - 5-13-2022, DOORDASH*POPEYES         WWW.DOORDASH.CA,AUTH# 559864 DEBIT CARD DEBIT","-$25.09","NwBqAG4AcQBsAFkAYwBEAGsAWgBFAFYAVgB1ADUAVwA2AGMAUABqAFYAQQA9AD0A","","$20,397.96"
"05/12/2022","DB DEBIT - 5-12-2022, VENMO*                   VISA DIRECT  NY,AUTH# 151334 DEBIT CARD DEBIT","-$260.00","aAB4AFcARwBJAEsAdQBnAHcATABuADkAegA3ACsAdABwAG8AZABRAHUAdwA9AD0A","","$20,423.05"
"05/11/2022","DB DEBIT - 5-11-2022, BRAR FAMILY DENTISTRY    603-8890601  NH,AUTH# 728294 DEBIT CARD DEBIT","-$72.60","SQB1AGIANQA5AGwAdwBWAG4AcAA0AE4AOABnAEUAZgAvAFoAQQB4AHYAdwA9AD0A","","$20,683.05"
"05/11/2022","WITHDRAWAL ATM 0511 1227 812304 116 WEST PEARL STREET   NASHUA       NH","-$103.00","YgBlAHYAcwArADgAYQBIAGUARgBaAG4AawBDADMATQBHADYATwBoADkAQQA9AD0A","","$20,755.65"
"05/10/2022","ELECTRONIC DEPOSIT - COMM. OF MASS.  MASTTAXRFD220509","$47.00","UgA5AFoAdwBqAHEAZQAzADAAWgB3AFEAcgBTAGUAZgBjAGcAbwBVAGgAQQA9AD0A","","$20,858.65"
"05/09/2022","DB DEBIT - 5-09-2022, NINTENDO    *AMERICAUS   800-255-3700 WA,AUTH# 226899 DEBIT CARD DEBIT","-$59.99","WgA0AGoASQBCAEoAYgBGAE0ATwB6AFQAQQAxADcAaQA4AFoAbQB6AEEAdwA9AD0A","","$20,811.65"
"05/09/2022","WITHDRAWAL ATM 0508 1558 066632 420 MIDDLESEX ROAD      TYNGSBOROUGH MA","-$58.00","UgBZAGwASwBDAHgAYwBJADEAWgB1AGkAZABVAE4AUQBKAEgAdwBZADYAZwA9AD0A","","$20,871.64"
"05/09/2022","DB DEBIT - 5-07-2022, CHIPOTLE 1763            WEST HARTFORDCT,AUTH# 437718 DEBIT CARD DEBIT","-$11.27","bABJAEQANAB4AHUAVgBSAFUAegBZAE0AVgBhACsAbQBDAHkAVwBpAFgAQQA9AD0A","","$20,929.64"
"05/07/2022","WITHDRAWAL POS 0507 1709 418493 APPLE COM BILL          CUPERTINO    CA","-$10.62","cgBHAFQAdgA0AFEAZgBmAG8ATABEAEcAcAB2AHgAMwBxAGEARgB3AGwAQQA9AD0A","","$20,940.91"
"05/06/2022","DB DEBIT - 5-06-2022, VENMO*                   VISA DIRECT  NY,AUTH# 621501 DEBIT CARD DEBIT","-$25.00","MABBADYANQBHAGYAcQBWAGwARABGAGsAZgBhAFoARQBwAEUAMwA4ADcAUQA9AD0A","","$20,951.53"
"05/05/2022","DB DEBIT - 5-05-2022, DOORDASH DASHPASS        WWW.DOORDASH.CA,AUTH# 875395 DEBIT CARD DEBIT","-$9.99","SAAxAEwAMQBtAHAAegB1ADgATABEAFYAeAB4AFgAOAA5AHMAbAB2AEkAQQA9AD0A","","$20,976.53"
"05/04/2022","ELECTRONIC DEPOSIT - AGENUS INC      DIRECT DEP220506","$1,843.89","MgBBAEoAagBaAEsAVQBpAEkASgBsAGQAVgAvADkAOQBwADUAbwBZAFcAZwA9AD0A","","$20,986.52"
"05/04/2022","DB DEBIT - 5-04-2022, APPLE.COM/BILL           866-712-7753 CA,AUTH# 565123 DEBIT CARD DEBIT","-$7.99","bgBSAEUAcAAxAHIAOQArAHEAbwB5AG4AQQBsAHEAQwBoAGwAQgByAEUAZwA9AD0A","","$19,142.63"
"05/04/2022","ELECTRONIC WITHDRAWAL SUBSCRIPTION    ACORNS    050422","-$3.00","cwBPAHQAWgA2AG0AYwBOADYAbgA1AEgAaQBSAFUAOAB1AEkAbQA5AFkAQQA9AD0A","","$19,150.62"
"05/04/2022","TRANSFER TO MBR 5136510 ACCT 5 MONTHLY TRANSFER TO FREE CHECKING - ","-$56.16","WQB0AEUAWgA2AFUAcABpAG8AagB0AFgAeAB1AHEAcwBjAGcASwBSADYAZwA9AD0A","NISSAN INSURANCE","$19,153.62"
"05/04/2022","DB DEBIT - 5-04-2022, DOORDASH*POPEYES         WWW.DOORDASH.CA,AUTH# 453357 DEBIT CARD DEBIT","-$25.09","UQBtAGQAcQBRAEwAbQBTAEgAeQBNAHIAYwAyAG4AVAAxAFIATgB3AEcAdwA9AD0A","","$19,209.78"
"05/03/2022","DB DEBIT - 5-03-2022, 372PEPSIVEN9147678600    MANCHESTER   NH,AUTH# 941408 DEBIT CARD DEBIT","-$1.85","cQAvAEwAUwBWAFIAKwBYAFcAcQBaAHcAZQBKAGIARwBpAG0AWAA0AHcAZwA9AD0A","","$19,234.87"
"05/03/2022","WITHDRAWAL ATM 0503 1037 320819 33 COLISEUM AVE         NASHUA       NH","-$43.50","NwBmAFIAMgB6AHkARAA4ADYARwBxAFgARwBpAHYATwBCAG0AdQBqAGoAdwA9AD0A","","$19,236.72"
"05/01/2022","DB DEBIT - 5-01-2022, LINODE                   855-454-6633 PA,AUTH# 890314 DEBIT CARD DEBIT","-$5.00","ZgByAEMARgBRAE8AWgBWAE0AeQBkAFoAQwBjAGgARQAvAGEAYQArADAAdwA9AD0A","","$19,280.22"
"05/01/2022","WITHDRAWAL POS 0430 2027 647787 5GUYS 0466 QSR          NASHUA       NH","-$18.72","OQBrAGQAbQBWAFMAbwBJAEIAegBkAFoAdwA4AEwAbQBTAGIAQQB6ADMAZwA9AD0A","","$19,285.22"
"04/30/2022","INC TAX - INCOME TAX WITHHOLDING INCOME TAX WITHHOLDING","-$0.36","aQBHAE4AVwB1ADQARQBRAFIAaABhAEMATABKAHAAVgA5AE0AMABRAHAAdwA9AD0A","","$19,303.94"
"04/30/2022","DIVIDEND","$1.50","KwBBADEAbgBUADQATABuAFkAcgBXAEEAQQBFADIAWABnAEgAdwBNAGYAQQA9AD0A","","$19,304.30"
"04/30/2022","DB DEBIT - 4-30-2022, SHELL SERVICE STATION    NASHUA       NH,AUTH# 635676 DEBIT CARD DEBIT","-$10.20","awBMAEIAbAA0AGEAMwBvACsAVgAwAHAAVQBFAGEAOQBPAHUARABGAEIAUQA9AD0A","","$19,302.80"
"04/30/2022","DB DEBIT - 4-29-2022, SHELL OIL 57544923600    NASHUA       NH,AUTH# 777737 DEBIT CARD DEBIT","-$1.79","YwBDAE8AdABGAEQAdABUAGsAaAAwAE8AVAA4AHQAYgArADMAawBPAFkAQQA9AD0A","","$19,313.00"
"04/30/2022","DB DEBIT - 4-29-2022, 372PEPSIVEN9147678600    MANCHESTER   NH,AUTH# 732649 DEBIT CARD DEBIT","-$1.85","YQBWAGcANgBJADMAQgBJADkAZwBYAFgAUgBkAHUAdABNADAAeABiAEQAdwA9AD0A","","$19,314.79"
"04/29/2022","WITHDRAWAL ATM 0429 1534 693345 420 MIDDLESEX ROAD      TYNGSBOROUGH MA","-$73.00","TgBOAHMAZgBZADYAbgBjAGsAZgBOADAAdQBoAGQAOABCAGoAKwBBAHMAZwA9AD0A","","$19,316.64"
"04/29/2022","DB DEBIT - 4-28-2022, 372PEPSIVEN9147678600    MANCHESTER   NH,AUTH# 861028 DEBIT CARD DEBIT","-$1.85","cQAvAGUALwBpAEgAOQBYAHIATABvAFAANgBDADkAdgB6AEUAUQBGAEcAUQA9AD0A","","$19,389.64"
"04/28/2022","WITHDRAWAL ATM 0428 1415 889893 33 COLISEUM AVE         NASHUA       NH","-$43.50","egBKAEIAbABpAHkANgA0AGQAcABvAGcAKwBwAG8AagBRAEMAbgB3AEEAUQA9AD0A","","$19,391.49"
"04/26/2022","DB DEBIT - 4-26-2022, DOORDASH*POPEYES         WWW.DOORDASH.CA,AUTH# 485538 DEBIT CARD DEBIT","-$17.53","awBiAEcAagBiAHcAcABDAHMASgAvAHUAbABUAE4AVwBZAHcARAA0AGwAdwA9AD0A","","$19,434.99"
"04/26/2022","DB DEBIT - 4-25-2022, 372PEPSIVEN9147678600    MANCHESTER   NH,AUTH# 125526 DEBIT CARD DEBIT","-$1.85","WgB5AFkANwB2AEYAdwBDADkAUABaAHEAaQBhAEoAVABjAEcAUgBmADkAdwA9AD0A","","$19,452.52"
"04/25/2022","DB DEBIT - 4-25-2022, DOORDASH*MCDONALDS       WWW.DOORDASH.CA,AUTH# 856285 DEBIT CARD DEBIT","-$22.50","VAB3ADIATQBnAHIAdQBZAG4AdAArAGoAdwBXAE4ARwBrADUAUwBkAEwAUQA9AD0A","","$19,454.37"
"04/25/2022","DB DEBIT - 4-24-2022, 372PEPSIVEN9147678600    MANCHESTER   NH,AUTH# 271789 DEBIT CARD DEBIT","-$1.85","RABoAEwAZgBiAGsARgBPADgALwBnADgAMAAvAHQAeABYAE8AVgBmAGkAdwA9AD0A","","$19,476.87"
"04/25/2022","WITHDRAWAL ATM 0424 1236 230726 420 MIDDLESEX ROAD      TYNGSBOROUGH MA","-$103.00","eAA4AGgAcQBjADMAOABaADEAVgBiADYAOABEADUAdgBQAGQAdABSAHkAQQA9AD0A","","$19,478.72"
"04/25/2022","DB DEBIT - 4-23-2022, 372PEPSIVEN9147678600    MANCHESTER   NH,AUTH# 605655 DEBIT CARD DEBIT","-$1.85","QwBCAFYAawB5AEYAYQBlAGYAOQB4AFgAawA2AE0ASQAyAGcAWABtAHUAQQA9AD0A","","$19,581.72"
"04/22/2022","WITHDRAWAL ATM 0422 1144 730949 33 COLISEUM AVE         NASHUA       NH","-$23.50","VABqAFkATABqAFgAZABJAGkANABZAG8AbQBkAEQAdwBrADQAWAB2AEEAQQA9AD0A","","$19,583.57"
"04/20/2022","ELECTRONIC DEPOSIT - AGENUS INC      DIRECT DEP220422","$1,843.90","NgBGAEIAMABiAE8ALwB1AFIAOQBYAGoAOQBMAHUAbgBHAE4AWQBNAFIAZwA9AD0A","","$19,607.07"
"04/20/2022","DB DEBIT - 4-19-2022, PULSE SOLUTIONS          HTTPSPULSEGROCA,AUTH# 974473 DEBIT CARD DEBIT","-$50.00","cABFAEwANgB6ADgAVABoAGsAZQBsADAAYgBJAFkAcgBEAHEAcQA2AEcAQQA9AD0A","","$17,763.17"
"04/18/2022","WITHDRAWAL ATM 0418 1530 235845 420 MIDDLESEX ROAD      TYNGSBOROUGH MA","-$58.00","MQBtAGIAQgBYAGoAVgA1AEMANABRAEUAQgBFAEoASQBnAC8AbABGADAAUQA9AD0A","","$17,813.17"
"04/18/2022","DB DEBIT - 4-17-2022, APPLE.COM/BILL           408-974-1010 CA,AUTH# 449054 DEBIT CARD DEBIT","-$2.99","YwBGAEMAUgBwADIAYgBSAGQARQBjAFMAbQBGAEcAbQBIAGIAMgA4AEMAdwA9AD0A","","$17,871.17"
"04/15/2022","DB DEBIT - 4-15-2022, APPLE.COM/BILL           866-712-7753 CA,AUTH# 932350 DEBIT CARD DEBIT","-$4.99","QwA2AGUAeAB6AGwAaQBQAG8AVQB0AEYASABLADkAaAAwAEcAcgBPAHYAZwA9AD0A","","$17,874.16"
"04/15/2022","WITHDRAWAL POS 0415 1259 168366 7-ELEVEN                NASHUA       NH","-$10.99","VwBOAEQAWAAxAHcASQBUAEkAUQAyAHkAcwBQAHoAcgB0AHQAOABDADUAUQA9AD0A","","$17,879.15"
"04/14/2022","DB DEBIT - 4-14-2022, SHELL SERVICE STATION    NASHUA       NH,AUTH# 552958 DEBIT CARD DEBIT","-$12.76","VwA5AG0ARgB3ADMAOABXAGwAVABrADMAVwBIAEkAeABoAEQAMABsAHEAQQA9AD0A","","$17,890.14"
"04/14/2022","DB DEBIT - 4-13-2022, EAST BROOK FITNESS       MANSFIELD CENCT,AUTH# 520447 DEBIT CARD DEBIT","-$13.77","SwB3AEQASwBuAEcAYwBGADMATQByAGkAWgBUAEUAUwBnADgAZgA4AC8AQQA9AD0A","","$17,902.90"
"04/12/2022","WITHDRAWAL ATM 0412 1447 180322 420 MIDDLESEX ROAD      TYNGSBOROUGH MA","-$58.00","cwAvACsAcQBKAHYAaABaAFgANwBMAEMAeQA4AGIAeQBGAGoAMwB0AG8AUQA9AD0A","","$17,916.67"
"04/12/2022","DB DEBIT - 4-12-2022, DOORDASH*POPEYES         WWW.DOORDASH.CA,AUTH# 553222 DEBIT CARD DEBIT","-$24.45","KwBzADkATgBPAGcANgBxAEYAWgAwADAATABCADkAagArAEIAZQAyAHMAQQA9AD0A","","$17,974.67"
"04/11/2022","DB DEBIT - 4-11-2022, TST* MARGARITA S - NASH  NASHUA       NH,AUTH# 167311 DEBIT CARD DEBIT","-$33.86","SABRAFIAaABnAFgAVQBlAHYASgB2AFoASQB0AEsAVwB3AEIAcgBOACsAdwA9AD0A","","$17,999.12"
"04/11/2022","DB DEBIT - 4-10-2022, VENMO*                   VISA DIRECT  NY,AUTH# 931311 DEBIT CARD DEBIT","-$30.00","VgBXAG8AMwBBAEwATABuAHEAcgBzAE4AVwBvADYAUwBlAFAASgBrADYAdwA9AD0A","","$18,032.98"
"04/11/2022","DB DEBIT - 4-10-2022, GRUBHUBWINGSOVERSTORR    GRUBHUB.COM  NY,AUTH# 887329 DEBIT CARD DEBIT","-$29.61","RgAwAEgANwA2AEcAQgBMAHAAOAA0AHUAdwBGAEoAVgBaAHIAYgBHAGkAdwA9AD0A","","$18,062.98"
"04/09/2022","DB DEBIT - 4-09-2022, SUBWAY 56                STORRS       CT,AUTH# 407402 DEBIT CARD DEBIT","-$12.75","aQBYAHoALwBiAEEAWABoAFIAcQByADIAMABVAGYAdQBRAFQAbgBzADAAUQA9AD0A","","$18,092.59"
"04/09/2022","WITHDRAWAL POS 0409 1913 466377 MANSFIELD XTRA MART     STORRS       CT","-$31.64","UABmADQAZQBRAHoAMQBGAE4AaQBvAFgALwBjAGwASwAxAFUAYgB0AFcAZwA9AD0A","","$18,105.34"
"04/08/2022","WITHDRAWAL ATM 0408 1403 530721 116 WEST PEARL STREET   NASHUA       NH","-$63.00","TQA4AFIAeQBIAEEAcQBpAGgARgBOAGsARQBSAHMAVABzAC8AUgBiAHgAdwA9AD0A","","$18,136.98"
"04/06/2022","ELECTRONIC DEPOSIT - AGENUS INC      DIRECT DEP220408","$1,843.89","VwBvAHgAUgBPAG0AVAArAGQAbQBqADAAQwBUAFIAMABoAEcAWQBVADIAQQA9AD0A","","$18,199.98"
"04/06/2022","WITHDRAWAL POS 0406 1528 230579 WENDYS                  NASHUA       NH","-$14.72","TgBFAHgASQAvADIAWgBJAGEASgBQAG0ASwBJAE0ARwBnADEAZgBVAGQAQQA9AD0A","","$16,356.09"
"04/06/2022","DB DEBIT - 4-06-2022, DOORDASH*POPEYES         WWW.DOORDASH.CA,AUTH# 525062 DEBIT CARD DEBIT","-$25.09","dgBhAE8ASABWAFkATAAwACsANgBvAGkAQwBOAG0AMwAwADAAbgBzAHQAZwA9AD0A","","$16,370.81"
"04/05/2022","DB DEBIT - 4-05-2022, DOORDASH DASHPASS        WWW.DOORDASH.CA,AUTH# 634482 DEBIT CARD DEBIT","-$9.99","TQBMAE4AUQBjAGsARwB6AG8AZwBBAHIATwBKAHcAVQBPAHYAbQBvAEsAZwA9AD0A","","$16,395.90"
"04/05/2022","ELECTRONIC DEPOSIT - IRS  TREAS 310    TAX REF 040822","$475.00","MgAyADAAVgBwAFYAUQAwAE0ARwBlAHMARAAzAGEALwBkADgAWgB0AG8AUQA9AD0A","","$16,405.89"
"04/04/2022","DB DEBIT - 4-04-2022, VENMO*                   VISA DIRECT  NY,AUTH# 84663 DEBIT CARD DEBIT","-$57.00","ZABSADQANAA3AEQASgAvAC8AOABjAFMAbQBKAEMAVwBoAEkAZgBwAHAAQQA9AD0A","","$15,930.89"
"04/04/2022","ELECTRONIC WITHDRAWAL SUBSCRIPTION    ACORNS    040422","-$3.00","SwBtAHEAQwBWAFkAaQBKAG4AUQBuADgARABzAGoAQwBKAEYAdABCAFoAQQA9AD0A","","$15,987.89"
"04/04/2022","TRANSFER TO MBR 5136510 ACCT 5 MONTHLY TRANSFER TO FREE CHECKING - ","-$56.16","eQBzADMANABvAEMAcgBiADcAQgA2ADgAWABCAGoAVwBrAGwARABMAEEAUQA9AD0A","NISSAN INSURANCE","$15,990.89"
"04/04/2022","DB DEBIT - 4-03-2022, SQ *MOFONGO RESTAURANT   WINDSOR      CT,AUTH# 420326 DEBIT CARD DEBIT","-$2.79","LwBVAHMAMQBuADUAbABjAHMAWgBiAHMARgBwAGEAeQAwAHoAZwAyADcAUQA9AD0A","","$16,047.05"
"04/04/2022","DB DEBIT - 4-03-2022, SQ *MOFONGO RESTAURANT   WINDSOR      CT,AUTH# 415098 DEBIT CARD DEBIT","-$13.94","cQBEADgATAArADQAWgB3AEwAdwA5AE0AdABTAEsAaAAvAEUASQBOAFYAUQA9AD0A","","$16,049.84"
"04/04/2022","DB DEBIT - 4-03-2022, APPLE.COM/BILL           866-712-7753 CA,AUTH# 747807 DEBIT CARD DEBIT","-$7.99","YQBOAGkARQBmAGkARABpAHAATgAvAEIAdgBaAGoAOQBwAGMAUQBtAHMAdwA9AD0A","","$16,063.78"
"04/04/2022","DB DEBIT - 4-03-2022, SUBWAY 43470             EAST WINDSOR CT,AUTH# 851929 DEBIT CARD DEBIT","-$20.38","QQBoAEYAagBCAEUAVAB2AEEAMwBSAEMAQwBxAGwAeABaADQAUQBBAGEAQQA9AD0A","","$16,071.77"
"04/02/2022","DB DEBIT - 4-02-2022, SHELL SERVICE STATION    NASHUA       NH,AUTH# 759730 DEBIT CARD DEBIT","-$50.47","MgBOADUASAA3ADkANwBDAGYAWgBTAGIAawBkAHYAWgBTAEUAMgBFAFMAQQA9AD0A","","$16,092.15"
"04/01/2022","DB DEBIT - 4-01-2022, LINODE                   855-454-6633 PA,AUTH# 519730 DEBIT CARD DEBIT","-$5.00","agBwAHkARwB1ADEARQBPAHUAdABEADgAMwBBAGkAagBMAG8AUgB6ADQAQQA9AD0A","","$16,142.62"
"04/01/2022","WITHDRAWAL ATM 0401 1446 850579 420 MIDDLESEX ROAD      TYNGSBOROUGH MA","-$58.00","egB2ADUAOABpAEUASwBtAGwAOABFAEMAbgB5AGcAUgBVAG4ASgA0AEQAZwA9AD0A","","$16,147.62"
"04/01/2022","DB DEBIT - 4-01-2022, SHELL SERVICE STATION    NASHUA       NH,AUTH# 809016 DEBIT CARD DEBIT","-$10.20","YwBaAE4ANQBiAHYASABNAHUASgBpAEYAQwBMAFcARQBmAEUALwB4AGEAQQA9AD0A","","$16,205.62"
"03/31/2022","INC TAX - INCOME TAX WITHHOLDING INCOME TAX WITHHOLDING","-$0.33","bQBiAG4AUwB6AEIAegBvAHEAdQBVAG4AUABnADMAKwBLADUASwBxAFEAUQA9AD0A","","$16,215.82"
"03/31/2022","DIVIDEND","$1.41","TgBqAEwAUgBYADEAaQBaAEEARwB1AGUAVgBOAHEASQAyAE0ANgB3AGsAdwA9AD0A","","$16,216.15"
"03/31/2022","DB DEBIT - 3-31-2022, DOORDASH*POPEYES         WWW.DOORDASH.CA,AUTH# 429157 DEBIT CARD DEBIT","-$25.09","bQBHAFIAMwA2AE0AUQA5AFEAaABJAFcALwArADcAZQBlAFkATgBYAHAAUQA9AD0A","","$16,214.74"
"03/28/2022","DB DEBIT - 3-27-2022, SMOKERS HAVEN 3          CONCORD      NH,AUTH# 648963 DEBIT CARD DEBIT","-$39.98","cgAzAFAAUgBnAFQASgBKADQATQBGAE8AMwBoAGIAcwBmAE0ATwBQAFAAQQA9AD0A","","$16,239.83"
"03/28/2022","DB DEBIT - 3-26-2022, SUSHI HOUSE              ROCKY HILL   CT,AUTH# 158330 DEBIT CARD DEBIT","-$144.10","SQBoAC8AUQBzAFEAKwBFAEMARAAzAFkAegBNAGsAZQBOAGYAdwBsAGEAdwA9AD0A","","$16,279.81"
"03/28/2022","WITHDRAWAL POS 0327 1420 563768 HIR LLC                 WINDSOR      CT","-$15.33","SABEAFEAUgBRAHoAdABnACsAdgBtAGkAbwBvAFQAYwBwAGgARwBIAFMAUQA9AD0A","","$16,423.91"
"03/28/2022","DB DEBIT - 3-26-2022, ISAACS BAGEL CAFE LLC    860-8161281  CT,AUTH# 894337 DEBIT CARD DEBIT","-$3.00","SgB0AHQANQBvAG0AcQBIAFQAaABjAHoAMwByAGIATwAzAGQAWgBCAHEAQQA9AD0A","","$16,439.24"
"03/28/2022","DB DEBIT - 3-25-2022, BLOOMFIELD VILLAGE PIZZ  BLOOMFIELD   CT,AUTH# 445605 DEBIT CARD DEBIT","-$28.56","cgB2AGcAOABVAE8AWQBQAG0AawBqAFcAYQA3ADUAQwBEAFcAZgBmAGsAZwA9AD0A","","$16,442.24"
"03/26/2022","DB DEBIT - 3-25-2022, CINEPOLIS WESTHARTFORD   WEST HARTFORDCT,AUTH# 485175 DEBIT CARD DEBIT","-$21.01","VgBMAE8AMgBNAHQASABJAFkAMgA4ADUAdwB5AEoAMQBSADYAUAA3AGoAdwA9AD0A","","$16,470.80"
"03/25/2022","DB DEBIT - 3-25-2022, VENMO*                   VISA DIRECT  NY,AUTH# 385966 DEBIT CARD DEBIT","-$15.00","OABRACsAYgBPAFAAcwBqAG0ARQB2AEYAVQA5AEUAcgBEAFEAMQBQAE0AdwA9AD0A","","$16,491.81"
"03/25/2022","DB DEBIT - 3-25-2022, VENMO*                   VISA DIRECT  NY,AUTH# 87928 DEBIT CARD DEBIT","-$730.00","aQB2AGcAdQBvAEYAVgBYAGwAbABmAEQATwA1ACsAUwAyAFUAZgBCAHMAdwA9AD0A","","$16,506.81"
"03/25/2022","DB DEBIT - 3-25-2022, VENMO*                   VISA DIRECT  NY,AUTH# 41295 DEBIT CARD DEBIT","-$1,470.00","SQA3AG4ASABhAFYAUgBZAGgAWgBPAHgAYQBUAEQASwAxADUAagBJAHQAdwA9AD0A","","$17,236.81"
"03/24/2022","ELECTRONIC DEPOSIT - AGENUS INC      DIRECT DEP220325","$1,843.89","YwBxADAAUwBpAHIANgBrAHYAdQBHAFIAbAByAFcANQArAFUAWgBFAGQAdwA9AD0A","","$18,706.81"
"03/23/2022","WITHDRAWAL ATM 0323 1247 759757 33 COLISEUM AVE         NASHUA       NH","-$23.50","cABxAFoAZwBWAEcAVgBWAE0AbQBQAEwAZgBsAEYARQBoAG8AOABLAGwAQQA9AD0A","","$16,862.92"
"03/22/2022","WITHDRAWAL ATM 0322 1529 235512 420 MIDDLESEX ROAD      TYNGSBOROUGH MA","-$58.00","NABQAFIAZgB0AHkAUABxAHQARwBOAFMAaAAxAHoAVwBRADYAdQBrAHYAQQA9AD0A","","$16,886.42"
"03/22/2022","DB DEBIT - 3-22-2022, SHELL SERVICE STATION    NASHUA       NH,AUTH# 226484 DEBIT CARD DEBIT","-$21.16","cQBCAGUAOABNADcAeABiAGUAUABTAFIAMgBiAHEAcwAxAG8AWAAwAEEAZwA9AD0A","","$16,944.42"
"03/21/2022","DB DEBIT - 3-19-2022, PULSE SOLUTIONS          HTTPSPULSEGROCA,AUTH# 476301 DEBIT CARD DEBIT","-$50.00","TQBpAFAAZgBHAGcARQBXAGMAVgBrAHQAYQBZAHMAVQBFAFkATwA1AHkAUQA9AD0A","","$16,965.58"
"03/19/2022","DB DEBIT - 3-19-2022, DOORDASH*POPEYES         WWW.DOORDASH.CA,AUTH# 568886 DEBIT CARD DEBIT","-$36.22","UgAzAFgAdwB6ADIARQBPAGsANwBQAEwAVwA1AHcAdgB3AHAAYwBDAEcAZwA9AD0A","","$17,015.58"
"03/18/2022","DB DEBIT - 3-18-2022, APPLE.COM/BILL           866-712-7753 CA,AUTH# 580454 DEBIT CARD DEBIT","-$2.99","dgBsAFoAeAB3AE4ANQBkAEkAUwBYAHQALwA1AFkAVQBVAGQAYwBWADQAUQA9AD0A","","$17,051.80"
"03/17/2022","DB DEBIT - 3-17-2022, DOORDASH*POPEYES         WWW.DOORDASH.CA,AUTH# 134239 DEBIT CARD DEBIT","-$27.85","NQA0AE4AVgBOAHUATgBNAFgAbAAvADUAcQBCADgAegBMAE0ANABHADgAdwA9AD0A","","$17,054.79"
"03/15/2022","WITHDRAWAL ATM 0315 1749 659403 420 MIDDLESEX ROAD      TYNGSBOROUGH MA","-$58.00","dQBhAEgANQBNAEIANQBFAE0AegBkAG0AagBCAC8AegBjAGMATABzAGsAQQA9AD0A","","$17,082.64"
"03/15/2022","DB DEBIT - 3-15-2022, APPLE.COM/BILL           866-712-7753 CA,AUTH# 309578 DEBIT CARD DEBIT","-$4.99","MgBkAHMAZgBRAEkASgBqAFMANwAyAGQAMQBFADYAbgBrADAAQQAwADQAZwA9AD0A","","$17,140.64"
"03/14/2022","WITHDRAWAL ATM 0314 1739 035481 116 WEST PEARL STREET   NASHUA       NH","-$43.00","QwB2AHgAUQBsAGoAdABEAGkAOQA5AGkAWABrAGUARABwAHIAYgBFAHkAUQA9AD0A","","$17,145.63"
"03/14/2022","DB DEBIT - 3-13-2022, EAST BROOK FITNESS       MANSFIELD CENCT,AUTH# 992119 DEBIT CARD DEBIT","-$13.77","dgBXAEoAUQBnAHcALwBQAEIAOABDADEAdAArAGEATAB3AEgAawA2AEQAQQA9AD0A","","$17,188.63"
"03/14/2022","DB DEBIT - 3-13-2022, AMC 0812 TYNGSBORO 12    TYNGSBORO    MA,AUTH# 456847 DEBIT CARD DEBIT","-$17.95","bQByAHoAQgByADQAeABBAEsAaQBXAEQAWgA5AFMAZAByAEsAYwBMADMAZwA9AD0A","","$17,202.40"
"03/14/2022","DB DEBIT - 3-13-2022, AMC ONLINE 9640          8884404262   KS,AUTH# 388740 DEBIT CARD DEBIT","-$31.56","bABhAFEATAB5AEEAWAAxAEcAOQA1AFMAWQBUAEcALwB5AFkAYQBEAG0AdwA9AD0A","","$17,220.35"
"03/11/2022","DB DEBIT - 3-11-2022, DATACAMP INC.            929-3529727  NY,AUTH# 923297 DEBIT CARD DEBIT","-$139.00","aABZAFMAVABPAGIAWABWAFoAVwAzADIARABLAC8AZQByAHQAMwBUAG8AdwA9AD0A","","$17,251.91"
"03/11/2022","DB DEBIT - 3-11-2022, DOORDASH*MCDONALDS       WWW.DOORDASH.CA,AUTH# 556355 DEBIT CARD DEBIT","-$33.66","NQBTAHMAUwBkAHYALwAyAEYAeQB5AGwAcwBXADAAdAB2AHUAYwBTAEIAQQA9AD0A","","$17,390.91"
"03/09/2022","ELECTRONIC DEPOSIT - AGENUS INC      DIRECT DEP220311","$1,843.89","VwByAFoALwA5AFYAUgBYAGsAbgB0AFQAWQBGAFkAdQBSADIAcQBnAGMAUQA9AD0A","","$17,424.57"
"03/07/2022","WITHDRAWAL ATM 0307 1253 397980 420 MIDDLESEX ROAD      TYNGSBOROUGH MA","-$128.00","SgBWAG0AagBYAHQAcQBlAEQAVABWAEIAUgBYADEANABaAGcANgBMAC8AZwA9AD0A","","$15,580.68"
"03/07/2022","DB DEBIT - 3-06-2022, MCDONALD S F21757        NASHUA       NH,AUTH# 22545 DEBIT CARD DEBIT","-$20.71","MwAxAEEAdwBwAE4AWQB2AFAAQgAvAEsAbwBPADcAZQB2ADEAawBZAEEAUQA9AD0A","","$15,708.68"
"03/05/2022","DB DEBIT - 3-05-2022, DOORDASH DASHPASS        WWW.DOORDASH.CA,AUTH# 523478 DEBIT CARD DEBIT","-$9.99","NAA2AHEAcQBuAHYARABDAHoALwBDAGEAaABQADMAWABCAHYASwB1AHcAUQA9AD0A","","$15,729.39"
"03/05/2022","DB DEBIT - 3-05-2022, APPLE.COM/BILL           866-712-7753 CA,AUTH# 564862 DEBIT CARD DEBIT","-$7.99","ZgAyACsAdgA2AGoAbwBkAFQARQA0AG0AUgBXAG8ANgAzAFUAaQB6AHMAZwA9AD0A","","$15,739.38"
"03/04/2022","TRANSFER TO MBR 5136510 ACCT 5 03/04/2022 07:07 863596. NISSAN INSURANCE - ","-$56.16","cwBMAEMAeQBRAHYAMgBGADgAZABQAFkAZwBVADAAegBvAFoAYgBnAEQAUQA9AD0A","","$15,747.37"
"03/04/2022","ELECTRONIC WITHDRAWAL SUBSCRIPTION    ACORNS    030422","-$3.00","KwBPAHgATABtAGEAeQBKADcAdgBYAEEAbgAxAHoAcQB2AHMAOABQAC8AUQA9AD0A","","$15,803.53"
"03/03/2022","WITHDRAWAL ATM 0303 1418 729310 420 MIDDLESEX ROAD      TYNGSBOROUGH MA","-$58.00","bgByAGgAVgBYAEoAQgBWAGkATgBEAGsAcABQADEAaAA1AGEAZwBIADAAUQA9AD0A","","$15,806.53"
"03/03/2022","DB DEBIT - 3-03-2022, SHELL SERVICE STATION    NASHUA       NH,AUTH# 720369 DEBIT CARD DEBIT","-$16.17","MAA0ADEAVgBhADIAbABkAGsAawBEAEgANwA5AE4AMwBzAHoAcwBtADgAZwA9AD0A","","$15,864.53"
"03/03/2022","DB DEBIT - 3-03-2022, HANNAFORD #8186          NASHUA       NH,AUTH# 714967 DEBIT CARD DEBIT","-$31.08","YgBkAHMARwBzAEcATQBFADcAcwArAGgAdQB5AFQAQgBZAE4AdQBXAEYAQQA9AD0A","","$15,880.70"
"03/01/2022","DB DEBIT - 3-01-2022, LINODE                   855-454-6633 PA,AUTH# 84455 DEBIT CARD DEBIT","-$5.00","TQBRAHEAZwB2AFUAUwBqADkAcQA3AHEAUwBDAG4AbABRAGgANAB5ADcAUQA9AD0A","","$15,911.78"
"02/28/2022","INC TAX - INCOME TAX WITHHOLDING INCOME TAX WITHHOLDING","-$0.26","aQAwAFEAbgBWAHcAbwBOAGEAeQBJAGMAYwB0AGQAMwBBAC8ARwAxAFgAdwA9AD0A","","$15,916.78"
"02/28/2022","DIVIDEND","$1.11","VgBsAGYAUQBhAHAAbwBzAGUAUAA5AG4AYQBRAFIASgAxAHIANwAvAEQAUQA9AD0A","","$15,917.04"
"02/26/2022","WITHDRAWAL ATM 0226 1459 426929 420 MIDDLESEX ROAD      TYNGSBOROUGH MA","-$58.00","VwAwAEIAVgBuAGsAVwB1AEUAKwAvADQAKwBQAGIAbAB3AHAAawBoADIAdwA9AD0A","","$15,915.93"
"02/25/2022","DB DEBIT - 2-25-2022, AGI*TMO SERVICE FEE      866-866-6285 PA,AUTH# 977523 DEBIT CARD DEBIT","-$99.00","VgBJAGEANABWAGoAUgBKAGcAdQBwADEAWgBjAHoAUABHAFEAbABuAHAAQQA9AD0A","","$15,973.93"
"02/24/2022","DB DEBIT - 2-24-2022, NINTENDO    *AMERICAUS   800-255-3700 WA,AUTH# 687161 DEBIT CARD DEBIT","-$7.99","LwBXAHAALwBoAFYARABXAGIAeQBKACsAMwA3ADEAWQBiAFEAaAB1AGwAQQA9AD0A","","$16,072.93"
"02/24/2022","DB DEBIT - 2-24-2022, DOORDASH*MCDONALDS       WWW.DOORDASH.CA,AUTH# 744599 DEBIT CARD DEBIT","-$31.30","TABKAEkAUgBXAEwALwB0ADYANwBlAC8ASAB3AE0AawBTAE8AQwA0AGwAUQA9AD0A","","$16,080.92"
"02/23/2022","ELECTRONIC DEPOSIT - AGENUS INC      DIRECT DEP220225","$1,843.88","dAB5ADUATgAzAFEATQBPAHoAdQBhAFoARABaAEYAcgB0AGgAaQBjAFgAUQA9AD0A","","$16,112.22"
"02/22/2022","WITHDRAWAL ATM 0220 1413 653886 420 MIDDLESEX ROAD      TYNGSBOROUGH MA","-$158.00","SwBCAGIAMwBEAFMAWQAvAHIAYQAvAEEAcgA0AEcAcABNAHcAZAA1AEwAUQA9AD0A","","$14,268.34"
"02/22/2022","DB DEBIT - 2-19-2022, PULSE SOLUTIONS          HTTPSPULSEGROCA,AUTH# 173273 DEBIT CARD DEBIT","-$50.00","SQBoAGIATQBUAFoARABqAFUAZgB4AFUAeABoAG0AMQBSAHUAWgBRAHQAZwA9AD0A","","$14,426.34"
"02/19/2022","DB DEBIT - 2-19-2022, DOORDASH*MCDONALDS       WWW.DOORDASH.CA,AUTH# 638265 DEBIT CARD DEBIT","-$29.91","MQA3AEMASgB4AFIASgBHAFQAegA3AFMATgBpAG4AVgBRAGUAMgBwAEgAUQA9AD0A","","$14,476.34"
"02/17/2022","WITHDRAWAL ATM 0217 1529 663732 420 MIDDLESEX RD        TYNGSBORO    MA","-$63.25","bgB1AGUAeABlADEAUgBBADQAcQBEAGgAUQBBAEsAUgBxADEAQwB3AGwAUQA9AD0A","","$14,506.25"
"02/17/2022","DB DEBIT - 2-17-2022, SHELL SERVICE STATION    NASHUA       NH,AUTH# 640788 DEBIT CARD DEBIT","-$10.21","QgBoAE8AdwBkAFAAegB4ADYAawBLAEgAOAAyAHAAQQB1AFQASwA1ADUAZwA9AD0A","","$14,569.50"
"02/17/2022","DB DEBIT - 2-17-2022, APPLE.COM/BILL           866-712-7753 CA,AUTH# 369439 DEBIT CARD DEBIT","-$2.99","ZgBiAGkAdgB3AG8AOABkAGIAUgBqAEEASwBBADcANwBEAGIAUAByAFQAUQA9AD0A","","$14,579.71"
"02/16/2022","DB DEBIT - 2-15-2022, APPLE.COM/BILL           408-974-1010 CA,AUTH# 154704 DEBIT CARD DEBIT","-$4.99","dgAyAE0AVgBsAG4ATgA2AEgANQBFAG0AeQBPAGEAQwBkAE8ANAA3AHMAQQA9AD0A","","$14,582.70"
"02/15/2022","WITHDRAWAL ATM 0215 1704 465663 116 WEST PEARL STREET   NASHUA       NH","-$23.00","eABIADQATABaAG4AbgB1ADMANQBWAEUAdgBvAGgAMgBaAGkAeQBsAEIAQQA9AD0A","","$14,587.69"
"02/15/2022","DB DEBIT - 2-15-2022, NINTENDO    *AMERICAUS   800-255-3700 WA,AUTH# 45749 DEBIT CARD DEBIT","-$59.99","MgB3AGgARgAvAGIARQBqADEAOQBDAGIARgA5ADAAQgBwAGYAdwBDAGUAZwA9AD0A","","$14,610.69"
"02/14/2022","DB DEBIT - 2-13-2022, EAST BROOK FITNESS       MANSFIELD CENCT,AUTH# 238368 DEBIT CARD DEBIT","-$13.77","dQBUAEcAZQBUAGUAbQBYADIANQBCADkASABjAHAAQwBzADMAaQBwAEgAZwA9AD0A","","$14,670.68"
"02/14/2022","DB DEBIT - 2-13-2022, SHELL SERVICE STATION    NASHUA       NH,AUTH# 343269 DEBIT CARD DEBIT","-$16.48","eABzAEsAdABHADIAbABCADYAegB0AHEAcwBGAGQAYgBMAGkAZgBuAFAAQQA9AD0A","","$14,684.45"
"02/14/2022","DB DEBIT - 2-13-2022, THE HOME DEPOT #3484     NASHUA       NH,AUTH# 80495 DEBIT CARD DEBIT","-$32.54","UQBoAC8AbwBYAGgAeABOAEkAdgBGAFYAQwA5AEMAYQBQAHgASAB4AE8AZwA9AD0A","","$14,700.93"
"02/12/2022","WITHDRAWAL POS 0212 1612 617823 WAL WAL-MART SUPER 00003AMHERST      NH","-$66.80","dwA5ADkAagBUAEQAagAxAEMAdQA5AGgAcQB0AE4AVABHAGkAbABaADkAZwA9AD0A","","$14,733.47"
"02/12/2022","DB DEBIT - 2-12-2022, SHELL SERVICE STATION    NASHUA       NH,AUTH# 590880 DEBIT CARD DEBIT","-$15.24","WABXAEkAdwBFAFcARwBoAGsAZgBwADMAZQBDAEgARgBjAHEAdQArAEYAdwA9AD0A","","$14,800.27"
"02/10/2022","WITHDRAWAL ATM 0210 1756 282468 420 MIDDLESEX ROAD      TYNGSBOROUGH MA","-$58.00","ZwBiAGwAZgBTADkAWABxAG0AZwA4AEIAUgBDADYAdABDAE0AZABGAHQAUQA9AD0A","","$14,815.51"
"02/09/2022","ELECTRONIC DEPOSIT - AGENUS INC      DIRECT DEP220211","$1,843.90","ZAByAGQAVAAxAFcAMABHAGIATABpAHoASQBSAG0AcQBSAFEAaQBGAHYAdwA9AD0A","","$14,873.51"
"02/08/2022","DB DEBIT - 2-08-2022, SUBWAY 11588             WOLCOTT      CT,AUTH# 957145 DEBIT CARD DEBIT","-$11.69","cgBsAGwASABoAGMAYQBVAEgAVwBJAEoAMgBFAGYAagBhACsAawBYADkAdwA9AD0A","","$13,029.61"
"02/07/2022","DB DEBIT - 2-08-2022, VENMO*                   VISA DIRECT  NY,AUTH# 547615 DEBIT CARD DEBIT","-$200.00","OABiADcASwBEAGIAUwBSAG8AUQBzAGoANABxAEUAMABiACsAdABuADgAUQA9AD0A","","$13,041.30"
"02/07/2022","DB DEBIT - 2-05-2022, DOORDASH DASHPASS        WWW.DOORDASH.CA,AUTH# 228655 DEBIT CARD DEBIT","-$9.99","bABaAFoAVABoAGgAMQBkADUAbwBSADEAWABjAGsAQwBuAHUAYwBGAHEAUQA9AD0A","","$13,241.30"
"02/04/2022","ELECTRONIC WITHDRAWAL SUBSCRIPTION    ACORNS    020422","-$3.00","RwBmAFAAegBtAHYAYgBuAFgAZQBOAEMAZgBLAHYAWQBwAFcARABDAHAAUQA9AD0A","","$13,251.29"
"02/04/2022","TRANSFER TO MBR 5136510 ACCT 5 02/04/2022 05:59 261385. NISSAN INSURANCE - ","-$56.16","aQBMAGwAVABSAFIAZABtAHUAaQBwAGgAMQBzAGMAVgAyAHIAagBzAG4AQQA9AD0A","","$13,254.29"
"02/04/2022","DB DEBIT - 2-03-2022, SMOKERS HAVEN 3          CONCORD      NH,AUTH# 84243 DEBIT CARD DEBIT","-$24.99","ZAB3AGkAQgB1AHQALwBwAEoARwAzAEcASgA0ADYAKwBPAHAAeQBGAE8AQQA9AD0A","","$13,310.45"
"02/01/2022","DB DEBIT - 2-01-2022, LINODE                   855-454-6633 PA,AUTH# 416550 DEBIT CARD DEBIT","-$5.00","TQB5AHEAVgAyAG0AYgBJAFkAaQBsAFYARQBhAGkAZwA0ADIAbgBGAEUAUQA9AD0A","","$13,335.44"
"01/31/2022","INC TAX - INCOME TAX WITHHOLDING INCOME TAX WITHHOLDING","-$0.23","QgBQAG0AdwBGAGgAOQBHAEgARgBSAFIAeABHAGsASQBlAHoAYwBCADQAUQA9AD0A","","$13,340.44"
"01/31/2022","DIVIDEND","$0.99","WgA5AFQANABGAEMAeABKADIAcAB1AE4ANgB2AHIAWgBpADUAcQBNAFEAdwA9AD0A","","$13,340.67"
"01/31/2022","DB DEBIT - 1-30-2022, APPLE.COM/BILL           866-712-7753 CA,AUTH# 243712 DEBIT CARD DEBIT","-$7.99","WABXAGsAbQBNAHgAOAByAFMAWQAvAGYAaABZAEcAKwBiADQAdQB1AFAAQQA9AD0A","","$13,339.68"
"01/29/2022","DB DEBIT - 1-29-2022, DOORDASH*POPEYES         WWW.DOORDASH.CA,AUTH# 557556 DEBIT CARD DEBIT","-$21.99","ZABDAHoAQQBRAE4AWgBJAEsAQgBmAGkANABKAHMARgB5AEUAaABaADEAUQA9AD0A","","$13,347.67"
"01/28/2022","DB DEBIT - 1-28-2022, NINTENDO    *AMERICAUS   800-255-3700 WA,AUTH# 822183 DEBIT CARD DEBIT","-$53.47","QQA1AFMANABEAG0AbAA1AHoAUwBSAEsAdAByAHYAawBMAHMAYgBtADAAdwA9AD0A","","$13,369.66"
"01/28/2022","DB DEBIT - 1-28-2022, DOORDASH*WENDYS          WWW.DOORDASH.CA,AUTH# 150634 DEBIT CARD DEBIT","-$25.17","SwBxAEEAWABZAHcAaQB5AHUAVgB3AHIAcAB6ADQASgBlAE8AWABkAEIAdwA9AD0A","","$13,423.13"
"01/27/2022","WITHDRAWAL ATM 0127 1948 062964 420 MIDDLESEX ROAD      TYNGSBOROUGH MA","-$103.00","awBLAFoAeQAwAC8AYQBiAFEALwAvADIAMABTAEEAVwBGAHEASgA3AFYAZwA9AD0A","","$13,448.30"
"01/26/2022","ELECTRONIC DEPOSIT - AGENUS INC      DIRECT DEP220128","$1,843.89","cABCAEIANQBnAG4AQgBMAFAANgA1AG4AQQBZAEoAVQBDAEEAVwB0AEoAZwA9AD0A","","$13,551.30"
"01/22/2022","DB DEBIT - 1-22-2022, COINBASE, INC.           8325639309   DE,AUTH# 540395 DEBIT CARD DEBIT","-$400.00","bABhAE4AUAB6ADcAWQBrACsAYQB2AEgAMwBDAHMATgA3ADQAcAB5AG0AZwA9AD0A","","$11,707.41"
"01/22/2022","DB DEBIT - 1-21-2022, DAIRY QUEEN #40811       NASHUA       NH,AUTH# 485867 DEBIT CARD DEBIT","-$6.50","WQBsAFIAaQBOAGIAKwB1ADkAaQBvAE8ANQBTAFEAbgBHAE0AVABJAEcAZwA9AD0A","","$12,107.41"
"01/21/2022","WITHDRAWAL POS 0121 2019 483300 CNS PANDORA @ PHEAS00100NASHUA       NH","-$65.00","aQBEAFIAeQB6AFcAWgAvAGIAbgBwAHcAYwBzAFgATQBGAEwAYwBsAFYAQQA9AD0A","","$12,113.91"
"01/21/2022","DB DEBIT - 1-21-2022, SHELL SERVICE STATION    NASHUA       NH,AUTH# 473367 DEBIT CARD DEBIT","-$10.25","YgAvAEkAWQBDADcAagA3AE8ASgBhAEUAdwBJADEAeABBAEkAUgBWAFoAdwA9AD0A","","$12,178.91"
"01/21/2022","DB DEBIT - 1-20-2022, 372PEPSIVEN9147678600    MANCHESTER   NH,AUTH# 788468 DEBIT CARD DEBIT","-$1.85","SgBjAHIAMwBtAGgAZgA4AFcAVwBvAE4AVwByADEARQByAFQAZgA0AFgAUQA9AD0A","","$12,189.16"
"01/21/2022","DB DEBIT - 1-20-2022, COINBASE                 HTTPS://WWW.FCA,AUTH# 914771 DEBIT CARD DEBIT","-$500.00","cQBaAHUAVAAvADcAKwBCAGEAMwB2AEoAegB5AGIASQB3ADUAcwBrAFcAZwA9AD0A","","$12,191.01"
"01/20/2022","WITHDRAWAL ATM 0120 2043 837814 33 COLISEUM AVE         NASHUA       NH","-$43.50","MQBKAFIASwBTAEYAZgBVADkAWgBLAEcAKwBkAEkAdwBGAG8ARgBIAEsAdwA9AD0A","","$12,691.01"
"01/20/2022","DB DEBIT - 1-19-2022, PULSE SOLUTIONS          HTTPSPULSEGROCA,AUTH# 144651 DEBIT CARD DEBIT","-$50.00","dQBhAE8ATgAwAHoAdgByAG4ARQAzAGkATgBXAEMAYwAyAEsAcwBvAGcAUQA9AD0A","","$12,734.51"
"01/19/2022","TRANSFER FROM ACCT 5136510-005 - MOBILE BANKING TRANSFER:637782143056688573","$1,750.00","TQBTADkAUAB2ACsAKwAwAEsAWgBlAC8AeAAyAHYATABHAFcAMwAwAFkAQQA9AD0A","","$12,784.51"
"01/18/2022","DEPOSIT $89.00 ONLINE DEPOSIT: REF # 58493559","$89.00","QgByAFMAdgB4AG0AdQBQADMAWgB3AEQANgBxAHgAaQBuADMAaQBIAFYAZwA9AD0A","","$11,034.51"
"01/18/2022","DB DEBIT - 1-17-2022, SMOKERS HAVEN 3          CONCORD      NH,AUTH# 931171 DEBIT CARD DEBIT","-$11.98","YwBBAE0AcgBLACsAWgBVAEQARgBzAFMAcABHAGIANQBDAGwANwBCAEcAZwA9AD0A","","$10,945.51"
"01/18/2022","DB DEBIT - 1-17-2022, APPLE.COM/BILL           866-712-7753 CA,AUTH# 738826 DEBIT CARD DEBIT","-$2.99","TwBRAE8AUwA0ADAAaABNADgARwBkADEAcwA4AEwAaABrAG0ALwBUAGkAUQA9AD0A","","$10,957.49"
"01/18/2022","TRANSFER - 5136510-141, AMOUNT:-1172.70, LOAN PAYMENT TRANSFER 01/16/2022 20:03 805422.","-$1,172.70","dgBuAG4AOQBqAG0AVQBhADQATgBPAFoAOQBMAE0AUgAxAE8AbAB2AHIAUQA9AD0A","","$10,960.48"
"01/15/2022","DB DEBIT - 1-15-2022, APPLE.COM/BILL           866-712-7753 CA,AUTH# 574416 DEBIT CARD DEBIT","-$4.99","aABaAFcAZABZAE8AegA5ADEAVwBzAFUAMgBvADYAOQBSAHcAbABOAC8AZwA9AD0A","","$12,133.18"
"01/15/2022","DB DEBIT - 1-15-2022, APPLE.COM/BILL           866-712-7753 CA,AUTH# 574414 DEBIT CARD DEBIT","-$5.99","eQAyADQAaABRAEcAbgAxAHkAWgBiAHIAMQBhAHMATABhAFMAZwBWAFgAdwA9AD0A","","$12,138.17"
"01/14/2022","DB DEBIT - 1-13-2022, 372PEPSIVEN9147678600    MANCHESTER   NH,AUTH# 471344 DEBIT CARD DEBIT","-$1.85","dwB5AEQAbABYAEYAMQBCAHUATABmAFoARgBvADIAZwBVAG0AZgBtAHEAUQA9AD0A","","$12,144.16"
"01/14/2022","DB DEBIT - 1-13-2022, EAST BROOK FITNESS       MANSFIELD CENCT,AUTH# 200636 DEBIT CARD DEBIT","-$13.77","OQBWAGQATABIAE8AdwBVAEEAZgBKAEcARABoAEQAMAA1AFkAaQAwAHcAUQA9AD0A","","$12,146.01"
"01/12/2022","ELECTRONIC DEPOSIT - AGENUS INC      DIRECT DEP220114","$1,843.89","eQBYAGMAQgBJADMAKwBBAHgAYwBDAFkAUgBTAHgAVwA2AHoAbgA3AFYAdwA9AD0A","","$12,159.78"
"01/11/2022","DB DEBIT - 1-11-2022, DOORDASH*MCDONALDS       WWW.DOORDASH.CA,AUTH# 21486 DEBIT CARD DEBIT","-$17.93","SwA5AHMARgA4AFgASABHAGQAYgBYAGsAZgBWAGsAUwBGAC8ANwBsAGUAQQA9AD0A","","$10,315.89"
"01/11/2022","DB DEBIT - 1-10-2022, 372PEPSIVEN9147678600    MANCHESTER   NH,AUTH# 894068 DEBIT CARD DEBIT","-$1.85","egBVADkAawAzAGwAWgBCAFAAZABoAE0AcgBjAG4ARgBXADEAQgB2AG0AdwA9AD0A","","$10,333.82"
"01/11/2022","DB DEBIT - 1-10-2022, SMOKERS HAVEN 3          CONCORD      NH,AUTH# 924758 DEBIT CARD DEBIT","-$2.99","TABBAG0AUwBZAFAASABiAGIAWgA5AEEASABGAEYAOAA2AGEATQBtADAAUQA9AD0A","","$10,335.67"
"01/10/2022","DB DEBIT - 1-10-2022, SHELL SERVICE STATION    NASHUA       NH,AUTH# 929299 DEBIT CARD DEBIT","-$13.31","OABCAE0AQwBVAEMAZABjAEoAaAB1AEMASgB1ADYARgBrADMAWABEAHoAUQA9AD0A","","$10,338.66"
"01/10/2022","WITHDRAWAL ATM 0110 1840 922637 379 AMHERST STRET       NASHUA       NH03062","-$40.00","eQBHAGkAcQBFAGkAOABVAFUASwB5AG0ANQBKAGQAVQBFAGwAeABXACsAZwA9AD0A","","$10,351.97"
"01/10/2022","DB DEBIT - 1-08-2022, CALIFORNIA BURRITOS LLC  603-7188745  NH,AUTH# 667100 DEBIT CARD DEBIT","-$10.42","SgA4ADAAawBsAHAAbQBXAGQAYQBjAGwARwA2AEcAQwBIADUAaABRAHcAZwA9AD0A","","$10,391.97"
"01/10/2022","DB DEBIT - 1-08-2022, 372PEPSIVEN9147678600    MANCHESTER   NH,AUTH# 575452 DEBIT CARD DEBIT","-$1.85","eAAzAEEAcgBoAEkAQgBXAFkAVwAyAFoANgBYAGkAeAAzAFoAMgBTAHEAUQA9AD0A","","$10,402.39"
"01/10/2022","DB DEBIT - 1-08-2022, SMOKERS HAVEN 3          CONCORD      NH,AUTH# 811309 DEBIT CARD DEBIT","-$24.98","MQBJAG8AKwB0AFcAQQBqAEsATQBDAE0ALwA4AGYAeABiAHoAcQBXAFoAdwA9AD0A","","$10,404.24"
"01/10/2022","DB DEBIT - 1-09-2022, APPLE.COM/BILL           866-712-7753 CA,AUTH# 847290 DEBIT CARD DEBIT","-$18.99","TABXAFMAUgBRAEYAcQBUAGwAVgBIAEIAYgBlAEkAOQB5ADkAUQBWAHUAZwA9AD0A","","$10,429.22"
"01/08/2022","WITHDRAWAL ATM 0108 1345 644078 850 CHELMSFORD ST       LOWELL       MA","-$83.50","cQBqAEIAbwBVAEEAeABOAHQAWAAvAEMAVABFAEkAMgBKAFcAUAA1AEEAdwA9AD0A","","$10,448.21"
"01/08/2022","WITHDRAWAL POS 0108 1318 627188 GULF N MAIN PETR SVC    NASHUA       NH","-$10.29","bwBmAEEAagBzAFUARwBqAFIAMABWAFcAUQBzAGQAVQB3AFQAUgBiAHQAQQA9AD0A","","$10,531.71"
"01/07/2022","DB DEBIT - 1-07-2022, DOORDASH*BUFFALO WILD    WWW.DOORDASH.CA,AUTH# 488120 DEBIT CARD DEBIT","-$36.95","MABJAFYAbgB2AHkASABnADEARABzAEQAdgBkAGEAeABBAEkAKwAyAEkAdwA9AD0A","","$10,542.00"
"01/05/2022","ELECTRONIC WITHDRAWAL SUBSCRIPTION    ACORNS    010522","-$3.00","MwBSAFIAOQAyAHMANQBXAGQALwBiAEwAQQBzAFgAagBjAG0ASABMAEwAZwA9AD0A","","$10,578.95"
"01/04/2022","TRANSFER TO MBR 5136510 ACCT 5 01/04/2022 04:21 481737. NISSAN INSURANCE - ","-$56.16","ZwAyAEgAcABlAGgASABKADIAeAA4AEQAVQBnAGIATABPADMANQBZAGMAUQA9AD0A","","$10,581.95"
"01/03/2022","WITHDRAWAL ATM 0103 1456 778179 33 COLISEUM AVE         NASHUA       NH","-$43.50","bwAvAHMASwBoADUALwBjAHcAaABqAFgAbgByAEUAQwBLADcAZQB6ADMAdwA9AD0A","","$10,638.11"
"01/03/2022","DB DEBIT - 1-03-2022, APPLE.COM/BILL           866-712-7753 CA,AUTH# 310407 DEBIT CARD DEBIT","-$7.99","UQBmAGYAVQBBAFYAVQA4AEUAdwBuAGcAQgBIAEUAcAAzAFUAZABxAHcAUQA9AD0A","","$10,681.61"
"01/01/2022","DB DEBIT - 1-01-2022, LINODE                   855-454-6633 PA,AUTH# 469095 DEBIT CARD DEBIT","-$5.00","cgBSAFQASgBhAHAAagBmAG4AegBoADgAdgBpAFAAZgBlAEoAQwA1AEEAUQA9AD0A","","$10,689.60"
"12/31/2021","INC TAX - INCOME TAX WITHHOLDING INCOME TAX WITHHOLDING","-$0.45","dABMAG0AegBYAC8AbwBxAG8AZgByAHkAcABMAFkATgBXAHIAWQBpADQAQQA9AD0A","","$10,694.60"
"12/31/2021","DIVIDEND","$1.91","eABUADgAbwBNADgAWQA5AGwASwAvAG8AdgA0AHkARwBQAEoAcABiAEMAdwA9AD0A","","$10,695.05"
"12/31/2021","WITHDRAWAL ATM 1231 1205 989146 420 MIDDLESEX ROAD      TYNGSBOROUGH MA","-$58.00","TwBwAEgAegBWAFEAaABoAHgAWgAxAEkANAAvAHIAVgBMAGgAUgAwAGoAZwA9AD0A","","$10,693.14"
"12/30/2021","DB DEBIT - 12-30-2021, DOORDASH*7-ELEVEN        WWW.DOORDASH.CA,AUTH# 48839 DEBIT CARD DEBIT","-$23.33","QgA0AE8ATABNAE0ANgBkAHEARgBEAEQAegBQAHMAbQBPAGkAdQBWAG0AdwA9AD0A","","$10,751.14"
"12/28/2021","ELECTRONIC DEPOSIT - AGENUS INC      DIRECT DEP211230","$1,834.51","bwBXAHQANAArAGsAUQBZAG4AMwB6AHoAagBGAEwAbABIAHcARQBvAGgAUQA9AD0A","","$10,774.47"
"12/27/2021","DB DEBIT - 12-27-2021, SHELL SERVICE STATION    NASHUA       NH,AUTH# 460048 DEBIT CARD DEBIT","-$10.24","ZAArAFIAVQBzAGwAOQBmAGUATABVAFYAQgBuAE4ATwBQAGYARQBoADUAQQA9AD0A","","$8,939.96"
"12/27/2021","DB DEBIT - 12-26-2021, HANNAFORD #8186          NASHUA       NH,AUTH# 144062 DEBIT CARD DEBIT","-$12.97","QwBRAEQAbQAxAGwAZwBBAFEAYQB4ADcAWgBLAEoAMwBiADQAagB0AGEAQQA9AD0A","","$8,950.20"
"12/27/2021","DB DEBIT - 12-26-2021, HANNAFORD #8186          NASHUA       NH,AUTH# 142284 DEBIT CARD DEBIT","-$20.00","bQBtADcAaABWAFQATQBxAHEAWQBDAFAARwBOAEoAYgA1AGoAawA3ADAAZwA9AD0A","","$8,963.17"
"12/27/2021","WITHDRAWAL ATM 1226 1535 039641 420 MIDDLESEX ROAD      TYNGSBOROUGH MA","-$53.00","bgAvAE0ANABNAGsAUABqAEkAYwB1AHoAUAA1AGwAQQBkAFQAUQBsAHEAQQA9AD0A","","$8,983.17"
"12/24/2021","DB DEBIT - 12-24-2021, SAFELITE AUTOGLASS       614-210-9192 OH,AUTH# 158187 DEBIT CARD DEBIT","-$539.98","UgByAGYAUwB5AFMAVQB0AEkAdQBWAHcAKwA1AGYAbABTAEQAZwBrAGYAQQA9AD0A","","$9,036.17"
"12/24/2021","DB DEBIT - 12-23-2021, POPEYES 12531            NASHUA       NH,AUTH# 250272 DEBIT CARD DEBIT","-$10.27","WgAyAE4ATABzAHoAUwBpAG8ASQAxAHgAbABaADQAZABIAGMAbwA1AG8AZwA9AD0A","","$9,576.15"
"12/24/2021","DB DEBIT - 12-23-2021, PANERA BREAD #203416 P   NASHUA       NH,AUTH# 266118 DEBIT CARD DEBIT","-$7.91","TwBqAEcALwBCAG0AYwBNAHMAYwBnAEkAdgBSAEMAdgBmAGMASABUADkAdwA9AD0A","","$9,586.42"
"12/23/2021","DB DEBIT - 12-23-2021, DOORDASH*MCDONALDS       WWW.DOORDASH.CA,AUTH# 854607 DEBIT CARD DEBIT","-$31.08","cQBWAEYASgBUAHcAWgB6AHQAUAB6AHAAdwB6AEoAMgA1AHQAUQByAEUAdwA9AD0A","","$9,594.33"
"12/22/2021","WITHDRAWAL POS 1222 1817 692102 LUKOIL                  TYNGSBORO    MA","-$10.18","ZQBqADIAYgBjADQAWAArAHQASABoAGgAUABuAE0ASgB5AHgAVABVAFMAdwA9AD0A","","$9,625.41"
"12/22/2021","WITHDRAWAL ATM 1222 1812 688582 420 MIDDLESEX ROAD      TYNGSBOROUGH MA","-$33.00","QgBxAFQANgBrAGsAaQAvAFgATABVAHUAbwBVAGYAdQBCAHkASABzAEUAQQA9AD0A","","$9,635.59"
"12/21/2021","DB DEBIT - 12-21-2021, SMKYBONES WNG-BGR X 751  TYNGSBORO    MA,AUTH# 360364 DEBIT CARD DEBIT","-$43.08","SwBFAHgAUABXAGoAZgBEAHAAWQA5ADMAWABlADAAcgA1AFgAdQArADQAZwA9AD0A","","$9,668.59"
"12/21/2021","DB DEBIT - 12-21-2021, DOORDASH*MCDONALDS       WWW.DOORDASH.CA,AUTH# 173193 DEBIT CARD DEBIT","-$24.72","awA0AFIAWgBMAGkAdQBpAG4AYQAzAHUAcAB4AGcANwByAEUAKwBnAGYAZwA9AD0A","","$9,711.67"
"12/20/2021","DB DEBIT - 12-19-2021, PULSE SOLUTIONS          HTTPSPULSEGROCA,AUTH# 631110 DEBIT CARD DEBIT","-$50.00","NABhADUAeABEAFQALwBIADUATABqADkARQBNAGcASgBEAFgAMgBJADEAQQA9AD0A","","$9,736.39"
"12/18/2021","DB DEBIT - 12-17-2021, SARKU JAPAN 079          NASHUA       NH,AUTH# 265416 DEBIT CARD DEBIT","-$11.91","ZgA3AEIAMQAzAGgAegBmAGEAVgBDAFoANgBiAEcARQBzAFYAawBkAG8AdwA9AD0A","","$9,786.39"
"12/17/2021","DB DEBIT - 12-17-2021, APPLE.COM/BILL           866-712-7753 CA,AUTH# 743214 DEBIT CARD DEBIT","-$2.99","UwBqADcAWgAvACsANgBFAFcAYwBsAEsATgA3ADQANQBFAFUAdwAvAHQAZwA9AD0A","","$9,798.30"
"12/17/2021","DB DEBIT - 12-17-2021, DOORDASH*CHICK-FIL-A     WWW.DOORDASH.CA,AUTH# 269784 DEBIT CARD DEBIT","-$48.30","ZgB1AEgAeQBrAG0ASQBuAE4AWgAvAEcAWgBDAHQAZgB2AFoAQgBqAEkAdwA9AD0A","","$9,801.29"
"12/16/2021","ELECTRONIC DEPOSIT - AGENUS INC      DIRECT DEP211217","$1,834.51","cQBBAHkAUwBYADMAYQBsAHAATgB2AGkANAB3AG8ALwB4ADgATAA4AFgAUQA9AD0A","","$9,849.59"
"12/15/2021","DB DEBIT - 12-15-2021, APPLE.COM/BILL           866-712-7753 CA,AUTH# 302043 DEBIT CARD DEBIT","-$4.99","WQBxAGYAbwBpAHQANQAwADgAUAB1ADkALwBmADMAMQBwAEsAdgBJAFMAZwA9AD0A","","$8,015.08"
"12/14/2021","DB DEBIT - 12-13-2021, EAST BROOK FITNESS       MANSFIELD CENCT,AUTH# 960414 DEBIT CARD DEBIT","-$13.77","SQBpAEwAVwAyAE0AbgBJAEIAcwBqAG8AMgBZAEgASgBnAHcAMQBIAE4AUQA9AD0A","","$8,020.07"
"12/13/2021","DB DEBIT - 12-12-2021, VENMO*                   VISA DIRECT  NY,AUTH# 640150 DEBIT CARD DEBIT","-$45.00","eABJAE8AagBhADUASABhAG4ASQB3AEIAegBFACsANgBUAEsAWQAwAHUAUQA9AD0A","","$8,033.84"
"12/13/2021","DB DEBIT - 12-12-2021, VENMO*                   VISA DIRECT  NY,AUTH# 286053 DEBIT CARD DEBIT","-$15.00","ZABNAFMARABMAEoAVQBIADkAMwBGAE0ARgB2AFcAUgBGAGIANAAzADkAUQA9AD0A","","$8,078.84"
"12/11/2021","DB DEBIT - 12-11-2021, SHELL SERVICE STATION    NASHUA       NH,AUTH# 175214 DEBIT CARD DEBIT","-$20.24","ZAAyAFQAWgAwAG4AagBSAGsAYgBoAFEAZgBFAEUAeQBWAFEAbwBtAFUAdwA9AD0A","","$8,093.84"
"12/11/2021","WITHDRAWAL ATM 1211 1107 771120 116 WEST PEARL STREET   NASHUA       NH","-$43.00","RgBJAE8AVwBHAFMAdgB6AFYAagAzAGwAVwBNAEQAcAArAFkAYwBBADAAdwA9AD0A","","$8,114.08"
"12/09/2021","DB DEBIT - 12-10-2021, VENMO*                   VISA DIRECT  NY,AUTH# 704567 DEBIT CARD DEBIT","-$25.00","UQBuAEEAMQBZAEwAWQBmAE4AbABhAHcAYwBsAEQAYwBVAHUAOABEAGwAZwA9AD0A","","$8,157.08"
"12/09/2021","DB DEBIT - 12-09-2021, APPLE.COM/BILL           866-712-7753 CA,AUTH# 226345 DEBIT CARD DEBIT","-$9.99","RABoAE8ASwB0ADkAQQBHADkAWgBpAHoAawBVAHUAdgBOADMARgBFADEAQQA9AD0A","","$8,182.08"
"12/07/2021","WITHDRAWAL ATM 1207 1647 244082 420 MIDDLESEX ROAD      TYNGSBOROUGH MA","-$33.00","ZQArAG4AVQBVAEEAbABVADgAWQBxAFQAMABUAEkATQBVAFkAagBwADkAdwA9AD0A","","$8,192.07"
"12/06/2021","ELECTRONIC WITHDRAWAL SUBSCRIPTION    ACORNS    120621","-$3.00","ZwBRAFcASQA0AFcAbwBVAHMAUgBJAFcAKwBQAEwAaAB2ADIAKwBMAFMAdwA9AD0A","","$8,225.07"
"12/06/2021","DB DEBIT - 12-04-2021, POPEYES #11232           WATERBURY    CT,AUTH# 355806 DEBIT CARD DEBIT","-$9.65","UQA1AE4AaABnAGoAagBiADIAcAB3AE0ASAB6AG0AaQB1AGUANwBWAEMAUQA9AD0A","","$8,228.07"
"12/04/2021","DB DEBIT - 12-04-2021, APPLE.COM/BILL           866-712-7753 CA,AUTH# 657306 DEBIT CARD DEBIT","-$7.99","cABuAE0ASABPAFcAOQBNADQAZgA1ADgANgA0AGUAQQA5AEIAYgBCAGkAdwA9AD0A","","$8,237.72"
"12/04/2021","TRANSFER TO MBR 5136510 ACCT 5 12/04/2021 03:03 734380. NISSAN INSURANCE - ","-$56.16","SwBRAEkARQB4AG8AeABxAGcANQBTAGIAdQAzAFEARwAvAG0AYQBVAHMAQQA9AD0A","","$8,245.71"
"12/03/2021","DB DEBIT - 12-04-2021, VENMO*                   VISA DIRECT  NY,AUTH# 795342 DEBIT CARD DEBIT","-$18.00","KwAyAHgATgBXAEYAUwBCAFIAdwBjADUAcQBNADUAOABzAHEAOQB5AEgAQQA9AD0A","","$8,301.87"
"12/02/2021","DB DEBIT - 12-01-2021, EAST BROOK FITNESS       MANSFIELD CENCT,AUTH# 865989 DEBIT CARD DEBIT","-$42.49","UwBRADQATQA4AGQAUwBYAHkARgBQADcAWQA1AGsAcABIADQAeAArAFkAUQA9AD0A","","$8,319.87"
"12/02/2021","DB DEBIT - 12-01-2021, TARGET.COM  *            800-591-3869 MN,AUTH# 140135 DEBIT CARD DEBIT","-$34.99","cgByAGMAYwA5AHgALwBsAGsAKwBhAEQAMQBtAGwAbABPAGoAbwBMAEUAZwA9AD0A","","$8,362.36"
"12/01/2021","ELECTRONIC DEPOSIT - AGENUS INC      DIRECT DEP211203","$1,834.50","VgByAHYASwBRAHoAZwBBAEYAUAA2AHEAeQA4AGMALwBsAEMAbABUAHAAZwA9AD0A","","$8,397.35"
"12/01/2021","DB DEBIT - 12-01-2021, LINODE                   855-454-6633 PA,AUTH# 795044 DEBIT CARD DEBIT","-$5.00","UgBSADkAawB2AEwARQBkAHgAUwBaAEsAUQA1ADEAaQBNAHgAdwBlAFUAUQA9AD0A","","$6,562.85"
"11/30/2021","INC TAX - INCOME TAX WITHHOLDING INCOME TAX WITHHOLDING","-$0.30","MgB5ADkAMABBADIAQQBIAFQAcABNAGcATgBQAFYAMQA4ADEAMwBMAEUAZwA9AD0A","","$6,567.85"
"11/30/2021","DIVIDEND","$1.28","LwBnAGoAQwBpAGwANQBrAE0AVQB1AEIAYwA3AHoAOQBYAEEAZgBMAFkAUQA9AD0A","","$6,568.15"
"11/26/2021","DB DEBIT - 11-26-2021, NINTENDO    *AMERICAUS   800-255-3700 WA,AUTH# 346720 DEBIT CARD DEBIT","-$7.99","SgBZAGcAZQBlAGYAQwBqAFkAbQBhAE0ANgBMAGMALwB3AEcAeAA0AFMAdwA9AD0A","","$6,566.87"
"11/26/2021","DB DEBIT - 11-25-2021, DNCSS TD GARDEN CONCES   BOSTON       MA,AUTH# 864085 DEBIT CARD DEBIT","-$11.77","NgBQAEMAVgBYADgAZABpAEUASQBJAGoANgBSAFAALwBCAEcAMgBlAHAAUQA9AD0A","","$6,574.86"
"11/23/2021","WITHDRAWAL ATM 1123 1318 827838 850 CHELMSFORD ST       LOWELL       MA","-$83.50","OAA1AGYAcQBPAE0AawB3AC8AVgBrAFcAYQAyAFYAbgAyAGMAegBJAFYAUQA9AD0A","","$6,586.63"
"11/22/2021","DB DEBIT - 11-21-2021, BUFFALO WILD WINGS       NASHUA       NH,AUTH# 823469 DEBIT CARD DEBIT","-$90.75","aQBSACsAVQBrAHgAegB2AFQAMQBaAG4ASQBZAHYAOABrAGwAegA0AE8AZwA9AD0A","","$6,670.13"
"11/22/2021","WITHDRAWAL ATM 1122 1737 347030 420 MIDDLESEX ROAD      TYNGSBOROUGH MA","-$113.00","eABkAEcAYgBVAFcAcwBQAHoAVgA5AFQAVAB3AGEAVQB4AGcAZwBDAHkAZwA9AD0A","","$6,760.88"
"11/20/2021","DB DEBIT - 11-20-2021, NINTENDO    *AMERICAUS   800-255-3700 WA,AUTH# 282722 DEBIT CARD DEBIT","-$59.99","UgBrAEYAagBnAFQATQBhAEwARQA3AHEAMABnAG0ASgByADcAZABDAGwAdwA9AD0A","","$6,873.88"
"11/20/2021","DB DEBIT - 11-19-2021, PULSE SOLUTIONS          HTTPSPULSEGROCA,AUTH# 384694 DEBIT CARD DEBIT","-$50.00","NwBpAHgATAA2ADYAegBuAGUARQBZAFYAZABpAFMAWAA0AHEANQBuAGwAZwA9AD0A","","$6,933.87"
"11/19/2021","DB DEBIT - 11-19-2021, DOORDASH*MCDONALDS       WWW.DOORDASH.CA,AUTH# 471514 DEBIT CARD DEBIT","-$25.37","YgAzAHQASwB5AHUAUgA5ADMAYQBPADEANQAvADIAbQBJAGMAcQBRAEgAZwA9AD0A","","$6,983.87"
"11/19/2021","DB DEBIT - 11-18-2021, APPLE.COM/BILL           408-974-1010 CA,AUTH# 635959 DEBIT CARD DEBIT","-$2.99","bAA5AFAAMwBDADkANgBGAGQAcQBnAGMAZwBSAEEAZwB4AE0ALwBaAEEAQQA9AD0A","","$7,009.24"
"11/18/2021","DB DEBIT - 11-18-2021, SHELL SERVICE STATION    NASHUA       NH,AUTH# 698057 DEBIT CARD DEBIT","-$20.20","WgBRAEYAWABtAFEAVwA0AHMASABnAGUANgBmAE8ALwBEAE4AMABxAGUAZwA9AD0A","","$7,012.23"
"11/17/2021","ELECTRONIC DEPOSIT - AGENUS INC      DIRECT DEP211119","$1,834.52","VABNACsAdABOAGEAWQByAGcANABFAGsAUABXAHIAdwArAHMAUAAzAE8AQQA9AD0A","","$7,032.43"
"11/17/2021","DB DEBIT - 11-16-2021, CITY OF NASHUA NH WEB    603-6737155  NH,AUTH# 832844 DEBIT CARD DEBIT","-$10.00","SAAxAG4AYgBSAFAAWgBWAGoANgB1AHkASwBkAEsATQAzADYAUABXAE0AQQA9AD0A","","$5,197.91"
"11/17/2021","DB DEBIT - 11-16-2021, NASHUA 877-357-7100      603-6737155  NH,AUTH# 832831 DEBIT CARD DEBIT","-$3.00","MwA5AHYAZwBMAGgAMgBsADQAVgBVAFoANQBwAE4AOQBtAHMARABJAC8AQQA9AD0A","","$5,207.91"
"11/16/2021","DB DEBIT - 11-16-2021, BRAR FAMILY DENTISTRY    603-8890601  NH,AUTH# 179207 DEBIT CARD DEBIT","-$253.00","ZwAxAHUAQQByADMAaABYAFkAMwBjAEIAVABUAFkARAA5AFcATgBiAFIAZwA9AD0A","","$5,210.91"
"11/16/2021","DB DEBIT - 11-16-2021, VENMO*                   VISA DIRECT  NY,AUTH# 191570 DEBIT CARD DEBIT","-$420.00","OAA0AGEAWQBaAGQAOABRADYASwA5ADAAQQB6AGwASwBwAFgAawBjADIAdwA9AD0A","","$5,463.91"
"11/16/2021","WITHDRAWAL ATM 1116 1226 190520 420 MIDDLESEX ROAD      TYNGSBOROUGH MA","-$58.00","ZQBKADUAaAAxAFcAMAAyAGsAWgBuAC8AUABqAGwATwBrAHAAbwBSADMAdwA9AD0A","","$5,883.91"
"11/16/2021","DB DEBIT - 11-15-2021, APPLE.COM/BILL           408-974-1010 CA,AUTH# 407093 DEBIT CARD DEBIT","-$4.99","ZAB3AG4AdAAyAEoAdwBVAHYAcwB3AG0ASwB3ADUAeABXAEwAYQBuAGQAQQA9AD0A","","$5,941.91"
"11/15/2021","DB DEBIT - 11-13-2021, EAST BROOK FITNESS       MANSFIELD CENCT,AUTH# 32638 DEBIT CARD DEBIT","-$13.77","TAA3AGUAagBxAFIAMAB0AHgAQgBMAGgAegBnAHcATAB6AG4AcwBMAFUAdwA9AD0A","","$5,946.90"
"11/12/2021","WITHDRAWAL ATM 1112 1707 743609 420 MIDDLESEX ROAD      TYNGSBOROUGH MA","-$58.00","OQBQADkAMgA2AGkAbQBYAEUAdgBvAFgASQBzAGsATQBKAFAAYQBQADQAZwA9AD0A","","$5,960.67"
"11/12/2021","DB DEBIT - 11-11-2021, DOORDASH*MCDONALDS       WWW.DOORDASH.CA,AUTH# 869577 DEBIT CARD DEBIT","-$31.04","SgBBAGMANABYAFkAMgBQAFAAcABYAEEANQBRAHAAMABvAGUAcQBWAFUAUQA9AD0A","","$6,018.67"
"11/10/2021","DB DEBIT - 11-10-2021, DOORDASH*CHICK-FIL-A     WWW.DOORDASH.CA,AUTH# 662369 DEBIT CARD DEBIT","-$39.84","KwBXAHYATwBQADgAMgBqADQAbQBhAGYAUABSAHYATwByADcAbwBIAGQAZwA9AD0A","","$6,049.71"
"11/09/2021","WITHDRAWAL ATM 1109 1713 776539 116 WEST PEARL STREET   NASHUA       NH","-$43.00","WgBWAE4ASABqAE8AOQB4AFgAeABkAFkASQBlAEcAWABBADYAaQBjAEsAdwA9AD0A","","$6,089.55"
"11/08/2021","DB DEBIT - 11-07-2021, GULF OIL 92037596        NASHUA       NH,AUTH# 660133 DEBIT CARD DEBIT","-$15.28","YgBhAG0AKwBVAFoAWABvAGgARQBVAE0AVABoAGUAdABzAEQAQQBDAGwAdwA9AD0A","","$6,132.55"
"11/06/2021","DB DEBIT - 11-06-2021, HANNAFORD #8186          NASHUA       NH,AUTH# 997102 DEBIT CARD DEBIT","-$39.48","SwBBAGwATwAzADgAcgB1AEQAUgA1AGUAcQB4AGMAbwBXAFYAdQBjAGsAZwA9AD0A","","$6,147.83"
"11/05/2021","DB DEBIT - 11-05-2021, VENMO*                   VISA DIRECT  NY,AUTH# 249305 DEBIT CARD DEBIT","-$100.00","UQBpAHMAVgBHAFkAVQBhADQAQQBuAC8AdQBQAHAALwBkAHYAVAAvAGoAZwA9AD0A","","$6,187.31"
"11/04/2021","ELECTRONIC WITHDRAWAL SUBSCRIPTION    ACORNS    110421","-$3.00","SQBRADMASgBtADAAaABzADgARwA0AHkAcwBUADcANgB0AE8ASABqAGwAQQA9AD0A","","$6,287.31"
"11/04/2021","TRANSFER TO MBR 5136510 ACCT 5 11/04/2021 03:29 989158. NISSAN INSURANCE - ","-$56.16","SwBsAEYAVgBVADAAOABNAHEANQA3ADAAZQBvADQAZwAzAEkAZQA2AGUAZwA9AD0A","","$6,290.31"
"11/03/2021","ELECTRONIC DEPOSIT - AGENUS INC      DIRECT DEP211105","$2,077.08","ZQBxAHYAawBEAE0AUAA0ADkAcgA2ADkAdwBnAG4ARwBiAEcAUABMAGgAUQA9AD0A","","$6,346.47"
"11/03/2021","DB DEBIT - 11-03-2021, DOORDASH*SUBWAY          WWW.DOORDASH.CA,AUTH# 155260 DEBIT CARD DEBIT","-$18.48","agB0ADkAWABnAFgAQwBsAFEAVQBwAEgAegBJAFYAawBRAGIAcwBBADYAQQA9AD0A","","$4,269.39"
"11/03/2021","DB DEBIT - 11-03-2021, APPLE.COM/BILL           866-712-7753 CA,AUTH# 254669 DEBIT CARD DEBIT","-$7.99","egBrACsAcgB0ADMAUwBmAFkAUQB2AE4ANABZADMAdgBLAGMAdQBCAEkAQQA9AD0A","","$4,287.87"
"11/02/2021","DB DEBIT - 11-01-2021, LINODE                   855-454-6633 PA,AUTH# 285226 DEBIT CARD DEBIT","-$5.00","YQBYADEAaQBRAGQARgBkAG0AdQB2AHcAeQArAHcAcABDAFcAbABxADEAdwA9AD0A","","$4,295.86"
"10/31/2021","INC TAX - INCOME TAX WITHHOLDING INCOME TAX WITHHOLDING","-$0.18","eQAxADUAdgBmAEoAQwBHAFcAbwBiAFYAbABWAHMASABYAHYAaABpAG0AQQA9AD0A","","$4,300.86"
"10/31/2021","DIVIDEND","$0.76","aQBFAEMAWQBxADIAdwB3ADMARgByAGQAZQA2ADMAMgBqAG8ANQA4AHkAUQA9AD0A","","$4,301.04"
"10/31/2021","DB DEBIT - 10-31-2021, TST* BOSTON BILLIARD CL  NASHUA       NH,AUTH# 488608 DEBIT CARD DEBIT","-$66.19","MwBnAHUASQBrAFkAYgA3AFMASABhAGsAcQBsADgAaAB3ADMATQBjAC8AdwA9AD0A","","$4,300.28"
"10/31/2021","DB DEBIT - 10-29-2021, SHOWCASE CINEMAS         LOWELL       MA,AUTH# 882110 DEBIT CARD DEBIT","-$22.23","LwBsAEIAOQBkAGEAZQAvAE0AWQB0AC8AWAAyAHgAKwBrAHYAcABpADUAdwA9AD0A","","$4,366.47"
"10/30/2021","DB DEBIT - 10-29-2021, EXXONMOBIL    97455489   LOWELL       MA,AUTH# 874664 DEBIT CARD DEBIT","-$2.22","SgBsAEsAZABIAE0AWQBxAGIAKwBaAEEAbwBBADUAcQB6ACsAWQBoADcAdwA9AD0A","","$4,388.70"
"10/30/2021","DB DEBIT - 10-30-2021, DOORDASH*SUBWAY          WWW.DOORDASH.CA,AUTH# 598397 DEBIT CARD DEBIT","-$18.51","RQB6AEIAdABDAGcAbABxAGkAWAA3AGUAUgBQADAAUABzADUAMAB5AGEAZwA9AD0A","","$4,390.92"
"10/25/2021","DB DEBIT - 10-24-2021, DUNKIN #337711 Q35       STORRS MANSFICT,AUTH# 282650 DEBIT CARD DEBIT","-$12.18","dwBMAFEANgB2AGcAZQBFAGIAdwBNADIAegBnAFUAdwBXAFkASwAyAGgAUQA9AD0A","","$4,409.43"
"10/25/2021","DB DEBIT - 10-25-2021, GRUBHUBWINGSOVERSTORR    GRUBHUB.COM  NY,AUTH# 113132 DEBIT CARD DEBIT","-$27.14","RABIAFUAWgBsADEARgBlAG0AVQBaAGYAcgAzAE4AeABZAE4ALwBzAHgAUQA9AD0A","","$4,421.61"
"10/25/2021","DB DEBIT - 10-25-2021, GRUBHUBWINGSOVERSTORR    GRUBHUB.COM  NY,AUTH# 108930 DEBIT CARD DEBIT","-$27.14","MQB4AHMAbwBlAHcAbQBFAEoAVgBRADMAcQBsADYANQBLAGYAYQB1AFgAQQA9AD0A","","$4,448.75"
"10/25/2021","DB DEBIT - 10-23-2021, TA #22  WILLINGTON FAS   WILLINGTON   CT,AUTH# 942586 DEBIT CARD DEBIT","-$10.72","NwBCAHgAYgAxAG8AVQBzAHAAcgBoAHQAWQBOAGIAdQBZAFoAYwB5AE8AZwA9AD0A","","$4,475.89"
"10/25/2021","DB DEBIT - 10-24-2021, UBER   TRIP              HELP.UBER.COMCA,AUTH# 106553 DEBIT CARD DEBIT","-$12.93","TQB6AGIAaQB6AFkAYwBvAHQAQQBMAFYAcgA3AHQAVQBvADQAbABCAHQAUQA9AD0A","","$4,486.61"
"10/25/2021","DB DEBIT - 10-23-2021, HUSKIES TAVERN           STORRS MANSFICT,AUTH# 70417 DEBIT CARD DEBIT","-$13.14","cwBBAFgAVQBzAC8AawBTAEIAcQBlAGkAMwBHAEwASgBsAGUALwAwAEoAQQA9AD0A","","$4,499.54"
"10/25/2021","DB DEBIT - 10-23-2021, HUSKIES TAVERN           STORRS MANSFICT,AUTH# 60449 DEBIT CARD DEBIT","-$9.79","VgBCACsANQB6AEIAbgBHAG4ATwBtAFAAYQBRADgAbgB6AFQAQQBoADUAdwA9AD0A","","$4,512.68"
"10/25/2021","DB DEBIT - 10-23-2021, SHELL OIL 57544923600    NASHUA       NH,AUTH# 889261 DEBIT CARD DEBIT","-$20.22","ZgB4AGsAMQA3AHMASwBjAEgARwBHAGYAbQBPAG8AcABIADEAVABTAEUAQQA9AD0A","","$4,522.47"
"10/25/2021","DB DEBIT - 10-22-2021, CASA VIEJA               603-9437240  NH,AUTH# 333957 DEBIT CARD DEBIT","-$122.46","QgA3AG0AYQB0AEEATwBoAHQAdABQAGgARgBnAFoALwBlAHcATgBaADgAUQA9AD0A","","$4,542.69"
"10/25/2021","DB DEBIT - 10-23-2021, KOHL S #0533             NASHUA       NH,AUTH# 787831 DEBIT CARD DEBIT","-$50.00","aQBOADcAbAA2AE0AUABEAGsAcABmAG4AdwBiAGkAUwBEAFoAVAArAE8AZwA9AD0A","","$4,665.15"
"10/23/2021","DB DEBIT - 10-23-2021, PHO TAI LOC              NASHUA       NH,AUTH# 395972 DEBIT CARD DEBIT","-$181.00","UwBjAHoAeQBMADUAcgBjAGcATwBCAEkANgA4AGwAawAvAGoAYgBlAEcAZwA9AD0A","","$4,715.15"
"10/23/2021","DB DEBIT - 10-23-2021, DOORDASH*CHICK-FIL-A     WWW.DOORDASH.CA,AUTH# 91257 DEBIT CARD DEBIT","-$32.47","ZABLAHMATwB1AGgAdgBDAEgARgA0AFUAcABQAFoATwBoAEUAcgBIAEEAZwA9AD0A","","$4,896.15"
"10/22/2021","DEPOSIT $2077.08 ONLINE DEPOSIT: REF # 57910047","$2,077.08","dwAzADAAYwBtAHIASQBvAFQANgB6AFUASwBtAFAASABmAC8ASQBaAFQAdwA9AD0A","","$4,928.62"
"10/22/2021","DB DEBIT - 10-21-2021, WENDYS                   NASHUA       NH,AUTH# 470888 DEBIT CARD DEBIT","-$14.84","NQBWAGgAcwB5AFoAaABpAGsANgBmAE4AagBWAGcAdwByAGQAYwBzACsAQQA9AD0A","","$2,851.54"
"10/20/2021","DB DEBIT - 10-19-2021, WENDYS                   NASHUA       NH,AUTH# 116420 DEBIT CARD DEBIT","-$14.84","UABvAFoATgBmAGgAWQB5ACsAcABjAFMATQBEAGgAKwB3ADMAVgB3AEkAUQA9AD0A","","$2,866.38"
"10/20/2021","DB DEBIT - 10-19-2021, PULSE SOLUTIONS          HTTPSPULSEGROCA,AUTH# 279426 DEBIT CARD DEBIT","-$50.00","KwAzADMAMQA4ADAAZwBwAGoAZABwAHYAcAAvADcAVAA5AHMAQwBaADQAdwA9AD0A","","$2,881.22"
"10/18/2021","DB DEBIT - 10-18-2021, GOPUFF                   185-540-0783 PA,AUTH# 358378 DEBIT CARD DEBIT","-$5.95","UgByAHkAQwAyAEsARwB1AFgAcwBRAE0AUQB6AGQAVABCAGMAdgBsAHAAZwA9AD0A","","$2,931.22"
"10/18/2021","DB DEBIT - 10-17-2021, EXXONMOBIL    97546071   WINDSOR      CT,AUTH# 87142 DEBIT CARD DEBIT","-$21.84","dgA3AFYAWgBzAG4AVQBrAGoASQBLADIAYwBFAEUAQwBTADUAWgBVAGwAdwA9AD0A","","$2,937.17"
"10/18/2021","DB DEBIT - 10-17-2021, APPLE.COM/BILL           866-712-7753 CA,AUTH# 664903 DEBIT CARD DEBIT","-$2.99","OABxAEsAZQB0AE0AZgBRAEIAMABqADIAOQA4AFkAbgBkAHUAdgBtAEUAQQA9AD0A","","$2,959.01"
"10/18/2021","DB DEBIT - 10-17-2021, VENMO*                   VISA DIRECT  NY,AUTH# 42974 DEBIT CARD DEBIT","-$45.00","QQA5ACsAUgBqAGYAMgByADkAZABNAEsARgBUAG4AOQBZAG8AMABTAGwAQQA9AD0A","","$2,962.00"
"10/18/2021","DB DEBIT - 10-16-2021, SQ *MOFONGO RESTAURANT   WINDSOR      CT,AUTH# 335114 DEBIT CARD DEBIT","-$15.89","bABaADEAVgAxAHQAWQB5AFEAUwBwADgANQBwADcANgArADgAVwBvAGMAQQA9AD0A","","$3,007.00"
"10/16/2021","DB DEBIT - 10-15-2021, MCDONALD S F6154         WORCESTER    MA,AUTH# 659822 DEBIT CARD DEBIT","-$8.66","RABQAGYAZwB2AHAAOABiAG4AQQBBAE4ATgBNAGgAYQBVAGwARABxAGMAUQA9AD0A","","$3,022.89"
"10/16/2021","DB DEBIT - 10-15-2021, HANNAFORD #8186          NASHUA       NH,AUTH# 523053 DEBIT CARD DEBIT","-$22.68","WgAxACsAdQAyAFcAUABXADMASwBwADIAeAA0AGUAVABmAFUAbwBiADkAUQA9AD0A","","$3,031.55"
"10/16/2021","DB DEBIT - 10-15-2021, APPLE.COM/BILL           866-712-7753 CA,AUTH# 229525 DEBIT CARD DEBIT","-$4.99","ZAA0AHcAUwByAEMAdgB3ADEAZQBLAGgANgBUAFkAbwBmAG4AZwAyAEgAdwA9AD0A","","$3,054.23"
"10/15/2021","WITHDRAWAL POS 1015 1215 398375 WENDYS                  NASHUA       NH","-$15.39","ZABPAGYAYQBoAFQAaQBmAGoAbgBVAGMASQBXAHoASABvAFQAUgArAHAAdwA9AD0A","","$3,059.22"
"10/14/2021","DB DEBIT - 10-13-2021, EAST BROOK FITNESS       MANSFIELD CENCT,AUTH# 884830 DEBIT CARD DEBIT","-$13.77","cgBpAEQAMgBPAHoAaQBxADAAZQBIAGgANQBqAGgAUABHAEkAVgBZAHIAdwA9AD0A","","$3,074.61"
"10/12/2021","TRANSFER TO MBR 5136510 ACCT 5 MOBILE BANKING TRANSFER:637696638218842119. MEDICAL REIMBURSEMENT - ","-$1,036.12","NgBCAEUAUQArAHQAaQBZAGMAMQA1AEIAcgB5AEgAMwBBAGwATgAwAGEAUQA9AD0A","","$3,088.38"
"10/12/2021","DEPOSIT $1036.12 ONLINE DEPOSIT: REF # 57832755","$1,036.12","SAAzAGcAVwB5AGsAWgBjAHkAcQA2AFIAdgBvAE8ARwBjADUAOABaAHcAQQA9AD0A","","$4,124.50"
"10/09/2021","DB DEBIT - 10-09-2021, VENMO*                   VISA DIRECT  NY,AUTH# 808959 DEBIT CARD DEBIT","-$25.00","eQBSAEYAMAArADMAcABUAG8ARwBMAFEAQgBMAG0ATwA3AG0AbABCAGoAQQA9AD0A","","$3,088.38"
"10/08/2021","DB DEBIT - 10-08-2021, VENMO*                   VISA DIRECT  NY,AUTH# 185327 DEBIT CARD DEBIT","-$80.00","MABvAEcANgB1AGwAZABTAGwAaABWAFEAWQBSAHYAagBXAFoAZQB2AEgAQQA9AD0A","","$3,113.38"
"10/07/2021","DB DEBIT - 10-06-2021, BUFFALO WILD WINGS       NASHUA       NH,AUTH# 911460 DEBIT CARD DEBIT","-$86.55","TwArAHMAQgArAGkAVwAvAE4AMQAzAGoATQB1AE8AOQB0AFcASgBVAEUAQQA9AD0A","","$3,193.38"
"10/06/2021","DB DEBIT - 10-05-2021, SOMERVILLE               SOMERVILLE   MA,AUTH# 290506 DEBIT CARD DEBIT","-$1.50","agBsAHkAaQB5AEMAeQBMAGMAeQBoADUAcwB6AHoAUABsAEMATABRADUAQQA9AD0A","","$3,279.93"
"10/06/2021","DB DEBIT - 10-05-2021, SHELL OIL 57544923709    NASHUA       NH,AUTH# 963853 DEBIT CARD DEBIT","-$40.19","NQBhAGkATAB4AGcAQgA4AFIAQgA0AEMAUABwAEEARwBQAFAAOABlAFMAZwA9AD0A","","$3,281.43"
"10/05/2021","DB DEBIT - 10-04-2021, DICK S SPORTING GOODS61  NASHUA       NH,AUTH# 715622 DEBIT CARD DEBIT","-$70.99","bgBrAHEAWABEAEoAQwBKAHYAbQBzAEwAdABUAFYAawBYAGYAdgA1AEEAdwA9AD0A","","$3,321.62"
"10/04/2021","ELECTRONIC WITHDRAWAL SUBSCRIPTION    ACORNS    100421","-$3.00","SQBoAFQAdABaAHcAdwAvADYAeQBZAE8AcAArACsAZAA2AFAANwBzAHcAUQA9AD0A","","$3,392.61"
"10/04/2021","TRANSFER TO MBR 5136510 ACCT 5 10/04/2021 04:36 227399. NISSAN INSURANCE - ","-$56.16","cwB5AC8AdQBOAEkAaQBWAHMAawBuAHkATQA5ADEATQAwAG4ASgBnAFUAdwA9AD0A","","$3,395.61"
"10/02/2021","DB DEBIT - 10-02-2021, LINODE                   855-454-6633 PA,AUTH# 980996 DEBIT CARD DEBIT","-$5.00","eABaADAAbAByAE0ANAB1AHIAYwBpAFgAUQBqADcAMgBQAGcANABLACsAZwA9AD0A","","$3,451.77"
"09/30/2021","INC TAX - INCOME TAX WITHHOLDING INCOME TAX WITHHOLDING","-$0.40","dQAwADMAYwBaAEcATAAxADcAdwBWAGMAdQBPAEYAagBZAFoARwBmAG4AUQA9AD0A","","$3,456.77"
"09/30/2021","DIVIDEND","$1.69","VABmAFIAZwAxAGgAeQBrAGoAbwB0AEYAKwAwAFEAawBmAHcAMQBpAGoAZwA9AD0A","","$3,457.17"
"09/30/2021","DB DEBIT - 9-30-2021, APPLE.COM/BILL           866-712-7753 CA,AUTH# 244631 DEBIT CARD DEBIT","-$7.99","agA1AGEATwBjAG8AUAAxAC8AOQB4ADYAegBVAEsARABZAG8AVgBoADcAZwA9AD0A","","$3,455.48"
"09/24/2021","DB DEBIT - 9-23-2021, DRUG TESTING LLC         703-774-4117 VA,AUTH# 380027 DEBIT CARD DEBIT","-$63.00","NgBtAEYASgBJAG4ANQArAGkAYgBwADYASQBjAE8AOABqAGsAOQA1ADAAQQA9AD0A","","$3,463.47"
"09/23/2021","DB DEBIT - 9-23-2021, VENMO*                   VISA DIRECT  NY,AUTH# 319410 DEBIT CARD DEBIT","-$636.46","ZgBZAHQAMABGAEUAdABhADMAbwBqAFYAMwB0AGMAZgBhAG4AMABHACsAdwA9AD0A","","$3,526.47"
"09/23/2021","DB DEBIT - 9-22-2021, CALIFORNIA BURRITOS AMH  603-8202511  NH,AUTH# 681983 DEBIT CARD DEBIT","-$10.46","ZQBYAGkANABEADMAUQAzAGwAbABBAE8AeABGADIAKwBiAEEAUwBFAEcAZwA9AD0A","","$4,162.93"
"09/23/2021","DB DEBIT - 9-22-2021, TARGET.COM  *            800-591-3869 MN,AUTH# 661386 DEBIT CARD DEBIT","-$10.99","VABaAEoAVgBUAGQARABnAEMAMABHADEAQgBHAHYANwBiADcAWAAvAGkAUQA9AD0A","","$4,173.39"
"09/20/2021","DB DEBIT - 9-19-2021, PULSE SOLUTIONS          HTTPSPULSEGROCA,AUTH# 57437 DEBIT CARD DEBIT","-$50.00","WABBAFYAZQA5AGIAcABWAEoASABZADQAVABmAFIATQBYADEANgBXAGMAdwA9AD0A","","$4,184.38"
"09/18/2021","DB DEBIT - 9-18-2021, GOPUFF                   185-540-0783 PA,AUTH# 29617 DEBIT CARD DEBIT","-$5.95","RwA5AHUAeQBFAGYAYQBBAFEATgA2AHkAcgAvAGcAbQBIADkAVwBDADQAdwA9AD0A","","$4,234.38"
"09/17/2021","DB DEBIT - 9-17-2021, APPLE.COM/BILL           866-712-7753 CA,AUTH# 242876 DEBIT CARD DEBIT","-$2.99","TwBIAFoAagAyAFUAdQBKAHYASABVADYAdABoAEkANABsAGoAawBOAGgAQQA9AD0A","","$4,240.33"
"09/15/2021","DB DEBIT - 9-15-2021, APPLE.COM/BILL           866-712-7753 CA,AUTH# 913462 DEBIT CARD DEBIT","-$4.99","MgByAEoAaQBCAHUAWgBiAG8AMwBwAGsAUQBvAGkAMQB0AGgAZgBXAHQAQQA9AD0A","","$4,243.32"
"09/15/2021","DB DEBIT - 9-15-2021, UBER   TRIP              HELP.UBER.COMCA,AUTH# 716813 DEBIT CARD DEBIT","-$11.91","aABEAHcAbgB4AEYARwBwADIATwBxAHcAagA1AGoAOQA1AG8AQgBSAGYAZwA9AD0A","","$4,248.31"
"09/14/2021","DB DEBIT - 9-13-2021, EAST BROOK FITNESS       MANSFIELD CENCT,AUTH# 702262 DEBIT CARD DEBIT","-$13.77","TQBVAGgAcwBPADgAcABBAHAAZgBOAG0AMQAxADEALwBUAEMAegBOAEEAUQA9AD0A","","$4,260.22"
"09/13/2021","DB DEBIT - 9-09-2021, NASHUA MARGARITAS-124    603-4308905  NH,AUTH# 602025 DEBIT CARD DEBIT","-$35.16","ZgAvAGwAUgBaADAAcgBvADEAdgAxAEgASAB2AG8AcgBMAEEAeQAxAHUAQQA9AD0A","","$4,273.99"
"09/11/2021","DB DEBIT - 9-10-2021, PAYPAL *DISNEY PLUS      402-935-7733 CA,AUTH# 349106 DEBIT CARD DEBIT","-$7.99","MQBuAGsASgAvAHMARwBYAEUASAA0AHkAbgBVAHUAbAA3AHIARgB5ADEAQQA9AD0A","","$4,309.15"
"09/11/2021","DB DEBIT - 9-10-2021, THE FLIGHT CENTER BEER   NASHUA       NH,AUTH# 260856 DEBIT CARD DEBIT","-$26.89","ZwBjAEgAaABJAHoANwA0AGYASQBlAEYAbABEAFYAVwBQAGYAOQB1AFUAdwA9AD0A","","$4,317.14"
"09/09/2021","DB DEBIT - 9-09-2021, 9640 AMC ONLINE          888-440-4262 KS,AUTH# 723527 DEBIT CARD DEBIT","-$15.08","OQBLAGkARAAvAHYAYQA1AHAAaABxAEMATQA0AFEAOQBVAHkAOQA4ADUAdwA9AD0A","","$4,344.03"
"09/09/2021","DB DEBIT - 9-09-2021, 9640 AMC ONLINE          888-440-4262 KS,AUTH# 722031 DEBIT CARD DEBIT","-$1.99","OQA0AHoAMABMAEkAVAB4AFMAeABUADYAVwA0AGMAMwA5AEoATABXAEgAZwA9AD0A","","$4,359.11"
"09/07/2021","DB DEBIT - 9-07-2021, BRAR FAMILY DENTISTRY    NASHUA       NH,AUTH# 43046 DEBIT CARD DEBIT","-$147.00","RQBZAE8AcABWAFYAbgArAFAATgBsAEoATQBWAFMAMgArAEoAVABWADgAQQA9AD0A","","$4,361.10"
"09/07/2021","ELECTRONIC WITHDRAWAL SUBSCRIPTION    ACORNS    090721","-$1.00","aABLAHAARQBRAGEASgBqADEAMwB6ADAARABWAGcAcABDAGsATwBxAHUAUQA9AD0A","","$4,508.10"
"09/07/2021","DB DEBIT - 9-05-2021, TST* BOSTON BILLIARD CL  NASHUA       NH,AUTH# 549135 DEBIT CARD DEBIT","-$44.79","MQBwACsATABOAHAAdgBSAE8AZgBzAEMASQBvAEYAaABkAFMAbwAwAGMAdwA9AD0A","","$4,509.10"
"09/07/2021","DB DEBIT - 9-04-2021, PAYPAL *PLAYSTATION      402-935-7733 CA,AUTH# 142545 DEBIT CARD DEBIT","-$9.99","ZQBKADUARgB6AEkAdAA5AG0AUwBXADkAOABGAHQAUwBvAGoARgB3AFoAZwA9AD0A","","$4,553.89"
"09/07/2021","DB DEBIT - 9-04-2021, YOSHIMAMA JAPANESE FUS   NASHUA       NH,AUTH# 451562 DEBIT CARD DEBIT","-$20.35","egBSAHMAcABuAGgASQBaAHIATwBZAEQAVwBFAHMASwBFAGIANAA3AHIAQQA9AD0A","","$4,563.88"
"09/04/2021","TRANSFER FROM ACCT 5136510-005 - MOBILE BANKING TRANSFER:637663688259462706","$20.00","WgBmAEQAMABFAHgAZAByAG8AOQBqAHMANQAxACsAVwBFAFYATQBpAEwAUQA9AD0A","","$4,584.23"
"09/04/2021","DB DEBIT - 9-03-2021, THE FLIGHT CENTER BEER   NASHUA       NH,AUTH# 867378 DEBIT CARD DEBIT","-$59.87","cwA5AEgAcAB1AHoAeABFAGQAcwBnAFoAMwAzAFQARgBnAEoAWQBMAHgAQQA9AD0A","","$4,564.23"
"09/04/2021","TRANSFER TO MBR 5136510 ACCT 5 09/04/2021 03:33 514541. NISSAN INSURANCE - ","-$56.16","ZgBnADIATwBtAEMAdgA3AFUATgBIAEUAdQBtAFoAUAA4ADQAMgBjAGgAQQA9AD0A","","$4,624.10"
"09/03/2021","WITHDRAWAL POS 0903 1419 555442 WENDYS                  NASHUA       NH","-$18.09","WgA2AHUAaABlAG8ARwBrAFoAbABLAFEAZgA5AEgAVQBvACsAVwBBADQAQQA9AD0A","","$4,680.26"
"09/02/2021","DB DEBIT - 9-02-2021, APPLE.COM/BILL           866-712-7753 CA,AUTH# 494569 DEBIT CARD DEBIT","-$13.98","eQBLAGsAdgBkAGUAdgBSAG0AdwBLADcAOQBpAFQAOABvAE4AKwA1AEEAUQA9AD0A","","$4,698.35"
"09/02/2021","ELECTRONIC DEPOSIT - 1501HEADWALL PHOPAYROLL   082821","$644.63","SgBFAHMAOAB0AGUAaABZADUAdABYAGIAMABjAHEAOQBXAHEAcwBVAGgAZwA9AD0A","","$4,712.33"
"09/02/2021","DB DEBIT - 9-02-2021, PAYPAL *HULU             402-935-7733 CA,AUTH# 557489 DEBIT CARD DEBIT","-$11.99","TwBCAE0AbABDAEYAWgBtAEEAbwBRAFMASgBVAFgAagB3ADgAQQB5AGEAQQA9AD0A","","$4,067.70"
"09/02/2021","DB DEBIT - 9-01-2021, CALIFORNIA BURRITOS AMH  603-8202511  NH,AUTH# 284003 DEBIT CARD DEBIT","-$13.19","dgBoAFUARgBDAEQANgBIAHQAbABPAFAAVABQAHYAaABSAFAAaQBMAHkAZwA9AD0A","","$4,079.69"
"09/01/2021","DB DEBIT - 9-01-2021, LINODE                   855-454-6633 PA,AUTH# 857894 DEBIT CARD DEBIT","-$5.00","VgBDAEUAYQAzADQATwBtAE0ASABIAE8AcwBFAEYATABsAEUAeQBwAHEAZwA9AD0A","","$4,092.88"
"09/01/2021","DB DEBIT - 8-31-2021, PAYPAL *PLAYSTATION      402-935-7733 CA,AUTH# 742022 DEBIT CARD DEBIT","-$9.99","KwBTADQAbgBmADAARgBLAE8AaAB3ADEAbQBOAHUATQBGAEgAeABvAGQAZwA9AD0A","","$4,097.88"
"08/31/2021","INC TAX - INCOME TAX WITHHOLDING INCOME TAX WITHHOLDING","-$0.39","bgAvACsAVwBhAG0AaAAwADEAcwA2AEkAOQBqAGcAOQBEAG0AZgAvAEQAZwA9AD0A","","$4,107.87"
"08/31/2021","DIVIDEND","$1.65","NwBPAGcAUABZADUAcwBLAHIAQwB4AHQARwBqAEIASAB6AEUAdwBwAGUAZwA9AD0A","","$4,108.26"
"08/30/2021","DB DEBIT - 8-28-2021, THE FLIGHT CENTER BEER   NASHUA       NH,AUTH# 939684 DEBIT CARD DEBIT","-$80.13","MwBZAGwAcQA4AGoATgA2AEUAdwBGAHAAWQByADkAaQB4AFYAeQBaAEYAdwA9AD0A","","$4,106.61"
"08/28/2021","DB DEBIT - 8-27-2021, PAYPAL *PLAYSTATION      402-935-7733 CA,AUTH# 271843 DEBIT CARD DEBIT","-$29.99","MABMAHEARAB3AE4ATAAzAGcAUwBlAEsAaQBTADkAdgA5AGkAaABlAFUAZwA9AD0A","","$4,186.74"
"08/28/2021","DB DEBIT - 8-28-2021, NINTENDO    *AMERICAUS   800-255-3700 WA,AUTH# 206119 DEBIT CARD DEBIT","-$7.99","VQBGAFQAUABKAEIAdQA1AFgAWAA4AHkAUwBOAGkAVgBPAEYASgBsAC8AZwA9AD0A","","$4,216.73"
"08/27/2021","DB DEBIT - 8-27-2021, VENMO*                   VISA DIRECT  NY,AUTH# 993032 DEBIT CARD DEBIT","-$50.00","cABpADMATABXAGYAZABOAFkAWABhAGwANwBLACsANABQADAARgBMADMAUQA9AD0A","","$4,224.72"
"08/26/2021","DB DEBIT - 8-24-2021, WILDSIDE SMOKESHOP       NASHUA       NH,AUTH# 107923 DEBIT CARD DEBIT","-$79.99","dQBWAG8AbwBzAFAAegArAC8AbABJAHkASQBDAHAAVwBuAGcAZgBrAFEAQQA9AD0A","","$4,274.72"
"08/23/2021","DEPOSIT $167.00 ONLINE DEPOSIT: REF # 57499368","$167.00","NQBzAFIANwBYAGwAegBvAEMARQBQAGYAbQBpAGkAeQB4ADQAeQByAHUAdwA9AD0A","","$4,354.71"
"08/23/2021","DEPOSIT $167.00 ONLINE DEPOSIT: REF # 57499217","$167.00","KwBIAFcAUwBFAFAANAA0ADcAcAAwAHQAbQBtAEcASQBQAG4ARABVAFAAdwA9AD0A","","$4,187.71"
"08/23/2021","DB DEBIT - 8-21-2021, SHELL OIL 57544923600    NASHUA       NH,AUTH# 196942 DEBIT CARD DEBIT","-$20.28","KwB2AFgAbABlAE4AVwBnAFgAOABQAGgAVQBlAC8AYgBpAEIAVwB6AGkAZwA9AD0A","","$4,020.71"
"08/23/2021","DB DEBIT - 8-20-2021, NASHUA MARGARITAS-124    603-4308905  NH,AUTH# 736529 DEBIT CARD DEBIT","-$26.71","OABPAEQAZgAvAHkASwBSAFUAdgBtAHMAMABZAG8AVQBzAGkAbgBlAGkAUQA9AD0A","","$4,040.99"
"08/20/2021","DB DEBIT - 8-19-2021, THE PEDDLERS DAUGHTER    603-8217535  NH,AUTH# 980320 DEBIT CARD DEBIT","-$24.00","KwAvAHEAbABaAHUAagBuAEsAWgBiAGgAYQBnAFcAZABXAHcAVAA4AFEAUQA9AD0A","","$4,067.70"
"08/20/2021","DB DEBIT - 8-19-2021, ZEE QUICK STOP           NASHUA       NH,AUTH# 987724 DEBIT CARD DEBIT","-$9.00","UgBlAEMASQBnADYAZwBPADAANAByADQAcwBFAHgAcABpAHAAaQB3AFMAZwA9AD0A","","$4,091.70"
"08/20/2021","DB DEBIT - 8-19-2021, PULSE SOLUTIONS          HTTPSPULSEGROCA,AUTH# 898731 DEBIT CARD DEBIT","-$50.00","SABWAEwAVABxADQAQQBqAGIAeQB1AEEAWgAvAEcATwBFAGkAUABUAGoAQQA9AD0A","","$4,100.70"
"08/20/2021","DB DEBIT - 8-20-2021, PENUCHE S ALE HOUSE      NASHUA       NH,AUTH# 34323 DEBIT CARD DEBIT","-$52.00","SgBjAGkAcgBpAEQAZABtAFgASQAwADYAVgBGAG4AMAB0AHEAWAAvADIAZwA9AD0A","","$4,150.70"
"08/19/2021","ELECTRONIC DEPOSIT - 1501HEADWALL PHOPAYROLL   081421","$644.63","UABRAHYAZABOAFkAZgBLAEQAbwAyADEANQBPAHIAagBTAC8AZABjAHgAQQA9AD0A","","$4,202.70"
"08/19/2021","DB DEBIT - 8-18-2021, PAYPAL *PLAYSTATION      402-935-7733 CA,AUTH# 97714 DEBIT CARD DEBIT","-$19.99","ZABjAC8ANgBkAEEALwBsAFoARgBRAE4AVABCAHgAcgBKAFAAZAA5AFgAdwA9AD0A","","$3,558.07"
"08/18/2021","DB DEBIT - 8-18-2021, GOPUFF                   185-540-0783 PA,AUTH# 885073 DEBIT CARD DEBIT","-$5.95","eQArAGgATQBsAGoAbgBYADgAbABlAC8AcwA4AFcAdQBqAFkAVABWADMAZwA9AD0A","","$3,578.06"
"08/18/2021","DB DEBIT - 8-18-2021, VENMO*                   VISA DIRECT  NY,AUTH# 35591 DEBIT CARD DEBIT","-$5.00","eQBhAFcAOABzAEMAcwBCAE4ARwBIAHEAMAByADcALwBwAHYAZgAzAHgAUQA9AD0A","","$3,584.01"
"08/18/2021","DB DEBIT - 8-17-2021, UBER   TRIP              HELP.UBER.COMCA,AUTH# 349143 DEBIT CARD DEBIT","-$5.25","NQBRAGEAYwBJAGkAbABuAFQAYwBHAHcAbQA4AHYASwBSADYAbgBUAEgAZwA9AD0A","","$3,589.01"
"08/18/2021","DB DEBIT - 8-17-2021, APPLE.COM/BILL           408-974-1010 CA,AUTH# 192807 DEBIT CARD DEBIT","-$2.99","MABHADUAcgBmAEMAVQB6AFgARAAyAFIAVgBiAEQAagBqAFYALwAyAEMAdwA9AD0A","","$3,594.26"
"08/16/2021","DB DEBIT - 8-15-2021, APPLE.COM/BILL           408-974-1010 CA,AUTH# 931616 DEBIT CARD DEBIT","-$4.99","WABhAEQAeABjAHMAbQA1ADQAbABFAGgASAAwAEIARQBmADMAVwBzAEwAQQA9AD0A","","$3,597.25"
"08/16/2021","DB DEBIT - 8-14-2021, SHELL OIL 57544923600    NASHUA       NH,AUTH# 766709 DEBIT CARD DEBIT","-$10.99","dgA4AFMAbQB0AHoAVwA3AGYATwBQACsAegBUAEkASwBOADUATgBnAEEAdwA9AD0A","","$3,602.24"
"08/16/2021","DB DEBIT - 8-14-2021, EXXONMOBIL    99897241   BOXBOROUGH   MA,AUTH# 622403 DEBIT CARD DEBIT","-$43.38","cQBZAE0AUwBlAGcAUQB2AFMAbwBLAFQAdgBPAEUAMgA4AFAAWAAzAFYAUQA9AD0A","","$3,613.23"
"08/12/2021","DB DEBIT - 8-11-2021, SHELL OIL 57544923600    NASHUA       NH,AUTH# 211549 DEBIT CARD DEBIT","-$12.19","QgAxAGkAWQBOAHEAdwB4AEIAaAAwAFYAdABIAEoATwBpAGcAcgBSAE4AdwA9AD0A","","$3,656.61"
"08/12/2021","DB DEBIT - 8-11-2021, COINBASE                 HTTPS://WWW.FCA,AUTH# 287485 DEBIT CARD DEBIT","-$100.00","WgA0ADIAagBzAFoASwBqAEIAegBWAFEARABRAEIAVwBkAG4AcgBPAG4AZwA9AD0A","","$3,668.80"
"08/11/2021","DB DEBIT - 8-10-2021, PAYPAL *DISNEY PLUS      402-935-7733 CA,AUTH# 62416 DEBIT CARD DEBIT","-$7.99","TAB6AGsANwB1AHcAYwBOADgAdgAvAGsAZwBHAFYANAB5ADcAWgBVAEkAZwA9AD0A","","$3,768.80"
"08/10/2021","DB DEBIT - 8-09-2021, ISAACS BAGEL CAFE LLC    860-8161281  CT,AUTH# 115740 DEBIT CARD DEBIT","-$6.10","VABvACsAUQBWAC8ASQA5AEcATABXADMAaQAzAFUAQwA5AC8ATwA1AHIAQQA9AD0A","","$3,776.79"
"08/09/2021","DB DEBIT - 8-09-2021, VENMO*                   VISA DIRECT  NY,AUTH# 209254 DEBIT CARD DEBIT","-$120.00","ZgBMAEoAaQArAHYAVQBHAG0AZwB5AFcAMAB3AHYAdgB2AFIAZABJAFoAdwA9AD0A","","$3,782.89"
"08/09/2021","DB DEBIT - 8-07-2021, TA #22  WILLINGTON FAS   WILLINGTON   CT,AUTH# 129828 DEBIT CARD DEBIT","-$9.97","SwBFAFcAWABWAFQAagBXAFYAaQAwAEwAbAB1AFoAWgBEAEMAawBOAHoAdwA9AD0A","","$3,902.89"
"08/09/2021","DB DEBIT - 8-08-2021, UBER   TRIP              HELP.UBER.COMCA,AUTH# 304846 DEBIT CARD DEBIT","-$9.98","RwBuAE0AVAB4AGMANgBvAFkANwBCAEIAagBIADgAcgB6AGEAVQBlADcAdwA9AD0A","","$3,912.86"
"08/09/2021","DB DEBIT - 8-08-2021, NOODLES   CO 7301        WEST HARTFORDCT,AUTH# 520313 DEBIT CARD DEBIT","-$12.97","MABEAHIAdwByAC8AYQBxAGUAeQBWAHoAdgBHAE0ASAB6AGMAeABuAEwAdwA9AD0A","","$3,922.84"
"08/09/2021","DB DEBIT - 8-08-2021, SHISH KEBAB HOUSE AFGHA  WEST HARTFORDCT,AUTH# 278450 DEBIT CARD DEBIT","-$31.34","MwBzADMAbgAxAGUARQBWAG4AMQBVAEgAVwBuAFQARQBsAEgAMABhAHEAdwA9AD0A","","$3,935.81"
"08/07/2021","DB DEBIT - 8-07-2021, VENMO*                   VISA DIRECT  NY,AUTH# 521555 DEBIT CARD DEBIT","-$45.00","dgAvAGcARAB0ADEAYQBaAGQAOQBNAHAAcQBkAE8AUwBXAEMAcgBkAHYAZwA9AD0A","","$3,967.15"
"08/06/2021","TRANSFER FROM ACCT 5136510-005 - MOBILE BANKING TRANSFER:637638737334126336","$25.00","WABiAFQAWgB0AE4AWQBHAGgAKwBsAHoAOQA4AHgAOABpAFgARwB3AFUAZwA9AD0A","","$4,012.15"
"08/05/2021","ELECTRONIC DEPOSIT - 1501HEADWALL PHOPAYROLL   073121","$644.62","NwAxAHYAKwA4AGEAKwB4AFIAMQBWAEkAUQBCAGsAbwBZAFUAagAwAFEAZwA9AD0A","","$3,987.15"
"08/05/2021","DB DEBIT - 8-04-2021, EXXONMOBIL    98905599   BERLIN       MA,AUTH# 884564 DEBIT CARD DEBIT","-$44.47","MgA2AG8AUwByAEcAOABmAGUAbAA5AGsAdwBRAHYAdwAxAHcAMwByAEUAUQA9AD0A","","$3,342.53"
"08/05/2021","DB DEBIT - 8-04-2021, PAYPAL *PLAYSTATION      402-935-7733 CA,AUTH# 780605 DEBIT CARD DEBIT","-$9.99","cwA2AHEAcQBWAGkAbQBQAEYAWABKAEUAbAA0AEMATQBEAEwAUgBqAGMAdwA9AD0A","","$3,387.00"
"08/04/2021","ELECTRONIC WITHDRAWAL SUBSCRIPTION    ACORNS    080421","-$1.00","KwBjAGoAcQBDAHAAYgBmAG0AOQBJAEgATwBXAGwAYgBEAE8AKwBJAFcAdwA9AD0A","","$3,396.99"
"08/04/2021","TRANSFER TO MBR 5136510 ACCT 5 08/04/2021 04:39 748429. NISSAN INSURANCE - ","-$56.16","NwByAEQAZQAvAG8AdwBVAEoAWABPADUAVABMAHYAQgA3ADYAZQArAFIAQQA9AD0A","","$3,397.99"
"08/04/2021","DB DEBIT - 8-03-2021, PAYPAL *HIDIVE           402-935-7733 TX,AUTH# 102328 DEBIT CARD DEBIT","-$4.99","cgBvAC8AWQBqADYAZABhADMASQBHAGsAMABhAGQAUQBJAEIAUAAyAHUAdwA9AD0A","","$3,454.15"
"08/03/2021","DB DEBIT - 8-03-2021, APPLE.COM/BILL           866-712-7753 CA,AUTH# 737112 DEBIT CARD DEBIT","-$7.99","YwBmAGgAawBEAEUAcABDAFgAMQBrAEcANwAzAEEAOABaADgAYwBFAGYAUQA9AD0A","","$3,459.14"
"08/02/2021","DB DEBIT - 8-02-2021, PAYPAL *HULU             402-935-7733 CA,AUTH# 363777 DEBIT CARD DEBIT","-$11.99","MwB2ADEAbgBRAFgAOQBGAHoAcgBjAHkAMAB1AEEAYgBkAFAAOQBLAHkAQQA9AD0A","","$3,467.13"
"08/01/2021","DB DEBIT - 7-31-2021, PAYPAL *PLAYSTATION      402-935-7733 CA,AUTH# 570348 DEBIT CARD DEBIT","-$9.99","NgByAHQATwBJAHgAUwA4AGIAcQBvAGsAMQBJADkAaABFAEIAagA4ADgAUQA9AD0A","","$3,479.12"
"08/01/2021","DB DEBIT - 8-01-2021, LINODE                   855-454-6633 PA,AUTH# 712859 DEBIT CARD DEBIT","-$5.00","SwBmAGkAWAA5AEEAZgB0AHQAMABnAE4ARQBKADEARABwAGkASgBOAFUAdwA9AD0A","","$3,489.11"
"08/01/2021","DB DEBIT - 7-31-2021, THE PEDDLERS DAUGHTER    603-8217535  NH,AUTH# 963100 DEBIT CARD DEBIT","-$12.00","VwBqAE0AMAAvAHEAVABIAEIAZQBFAEgAdQBXAE4ATgBTAEYAKwBnAEUAUQA9AD0A","","$3,494.11"
"07/30/2021","DB DEBIT - 7-30-2021, BEST BUY MHT  00005348   NASHUA       NH,AUTH# 566361 DEBIT CARD DEBIT","-$91.99","WQBEAHAAWQBKAHoAUABPAHEAdABsAHUAYQBRAEIAbQBWADEANwBCAFAAUQA9AD0A","","$3,506.11"
"07/30/2021","DB DEBIT - 7-29-2021, HANNAFORD #8186          NASHUA       NH,AUTH# 127872 DEBIT CARD DEBIT","-$14.87","UABQAGIAbQBXAC8ATwBuAGgAeAB2AFcAZABRAG4AUwBqAFIAeABRAGcAUQA9AD0A","","$3,598.10"
"07/29/2021","DB DEBIT - 7-28-2021, SHELL OIL 57544923600    NASHUA       NH,AUTH# 319891 DEBIT CARD DEBIT","-$39.45","UABLAGYAOABqAHkAUgBzAEoAeQBLAHcARAAzADkAZABzACsAbwBhAG4AZwA9AD0A","","$3,612.97"
"07/28/2021","WITHDRAWAL POS 0728 1756 389594 WENDYS                  NASHUA       NH","-$16.55","RgB3AC8AWABFADIAMwBpAE0AaQBFAGUARQBGAE4AaABHACsALwByAG0AQQA9AD0A","","$3,652.42"
"07/28/2021","DB DEBIT - 7-27-2021, SHELL OIL 57542773304    WILLINGTON   CT,AUTH# 819384 DEBIT CARD DEBIT","-$2.29","bQBQAGkAVAAvAHgAeQBsADIANgA0AEkANgBqAFQAUgBsADMAZwBWAFEAdwA9AD0A","","$3,668.97"
"07/28/2021","DB DEBIT - 7-27-2021, MCDONALD S F25934        CHARLTON     MA,AUTH# 630501 DEBIT CARD DEBIT","-$9.41","WQByAHgAegAvADEARwB6AGMAVwBxAEEAWQB1AGYARABjAHQAdQBvAEsAQQA9AD0A","","$3,671.26"
"07/26/2021","DB DEBIT - 7-25-2021, CANDIA FIRST STOPPE      CANDIA       NH,AUTH# 434446 DEBIT CARD DEBIT","-$5.68","cABtAEYAagByADgAZAAyAGcAZQBkAHAATwBtAGgAYgBrAGcAMQAxAE4AdwA9AD0A","","$3,680.67"
"07/26/2021","DB DEBIT - 7-25-2021, DUNKIN #349743 Q35       CANDIA       NH,AUTH# 434070 DEBIT CARD DEBIT","-$3.03","NQA5AEcAKwBYAFYAMwBkAHMAYgB3AEUAbABTADUAVgBwAEMAcQBwADcAdwA9AD0A","","$3,686.35"
"07/26/2021","DB DEBIT - 7-23-2021, BURGER KING 4ME15        KENNEBUNK    ME,AUTH# 186122 DEBIT CARD DEBIT","-$12.52","UQBDAGsASABNAFgAMABpAFMAbQBEADMAVwBkAEkAbgBZAGIAcgBPAEsAZwA9AD0A","","$3,689.38"
"07/23/2021","DB DEBIT - 7-22-2021, THE PAR TEE SHACK        WESTFORD     MA,AUTH# 284180 DEBIT CARD DEBIT","-$8.50","dwBFAEgAOABsAHYAWQBtAEMAeQBUADgAdwA2AHMAKwAwAGEATABlAHIAQQA9AD0A","","$3,701.90"
"07/23/2021","DB DEBIT - 7-22-2021, THE PAR TEE SHACK        WESTFORD     MA,AUTH# 325666 DEBIT CARD DEBIT","-$8.55","LwBpAFEAcQBDAGQAcwBxAFIAMABmADQAVAB0AFoAWgBHAFYAQwBDAE0AQQA9AD0A","","$3,710.40"
"07/23/2021","DB DEBIT - 7-22-2021, SHELL OIL 57544923600    NASHUA       NH,AUTH# 254038 DEBIT CARD DEBIT","-$34.97","WQBEAHgAZQBPADUAdgBFAEMAVgB1AGEAQgBkAEEAVwBzADEAVABtAHAAZwA9AD0A","","$3,718.95"
"07/23/2021","WITHDRAWAL-CASH CA- $-80.00 WITHDRAWAL-CASH","-$80.00","ZAB5AHAAVgA5AG8AWgBSADAARwBLAHkANgB1AEwATgAwADUAdgBJAEoAUQA9AD0A","","$3,753.92"
"07/22/2021","ELECTRONIC DEPOSIT - 1501HEADWALL PHOPAYROLL   071721","$644.63","NQBwAGsANgAvAE4AMABKAG4ANABwAHEAWABzAFQAQwA5AEYAOAA4AEwAdwA9AD0A","","$3,833.92"
"07/21/2021","DB DEBIT - 7-21-2021, TST* BOSTON BILLIARD CL  NASHUA       NH,AUTH# 340738 DEBIT CARD DEBIT","-$17.00","WQA4ADUAeQBPAEcAOQBXAGwAMQBuAEoAdQArADQATABVAHIAYgArAFIAUQA9AD0A","","$3,189.29"
"07/21/2021","DB DEBIT - 7-21-2021, MCDONALD S F10544        NASHUA       NH,AUTH# 385087 DEBIT CARD DEBIT","-$10.89","UgAvAEkANwBUAC8ANQBVAE0ARwBRAG0AUwBSADgAZwA3AFYAeABEAG4AQQA9AD0A","","$3,206.29"
"07/20/2021","DB DEBIT - 7-19-2021, PULSE SOLUTIONS          HTTPSPULSEGROCA,AUTH# 651206 DEBIT CARD DEBIT","-$50.00","RQA2AG0ATQAvAEIAbQBkAE0ATgAzAFQAdQBWAEEAdAB1ADQAVAA2AC8AdwA9AD0A","","$3,217.18"
"07/19/2021","DB DEBIT - 7-18-2021, PANDA EXPRESS 2998       NASHUA       NH,AUTH# 60380 DEBIT CARD DEBIT","-$24.00","NwBYADgAcwBmAE4AUQBhAEwAZwByAGIAegB5AHAAaQBtACsAdABDADMAdwA9AD0A","","$3,267.18"
"07/19/2021","DB DEBIT - 7-18-2021, GOPUFF                   185-540-0783 PA,AUTH# 702356 DEBIT CARD DEBIT","-$5.95","ZgBkAC8AeAB2AEIAcQBCAGoAMQByAHUAZQBJAEkAbgA0AG0ARgB2AFIAZwA9AD0A","","$3,291.18"
"07/19/2021","DB DEBIT - 7-17-2021, APPLE.COM/BILL           866-712-7753 CA,AUTH# 2611 DEBIT CARD DEBIT","-$2.99","WgA5AEgASQB6AEkAOQA2AEoAZABTAHUASQBPAEQARQBZAGsAVQA5ADMAQQA9AD0A","","$3,297.13"
"07/17/2021","DB DEBIT - 7-16-2021, WALGREENS #9447          NASHUA       NH,AUTH# 643466 DEBIT CARD DEBIT","-$6.98","NwBMAHQAWABuADAARwBWAGwAZAAxAHgAawA0AGYAbAAzAEkAbABaADIAZwA9AD0A","","$3,300.12"
"07/16/2021","DB DEBIT - 7-15-2021, APPLE.COM/BILL           866-712-7753 CA,AUTH# 573319 DEBIT CARD DEBIT","-$4.99","ZABFAFoAdgBaAC8ANwBSAEsAYQBtADkAaABlADcATgBvAFQAMAB4AGEAUQA9AD0A","","$3,307.10"
"07/15/2021","WITHDRAWAL POS 0715 2043 064940 WENDYS                  NASHUA       NH","-$5.67","YwB2ADQAVwByAGUAMQB3ADYAbAAwAHoAQwBMAHAAYgBjAGgARgBwAFUAZwA9AD0A","","$3,312.09"
"07/13/2021","DB DEBIT - 7-12-2021, SHELL OIL 57544923600    NASHUA       NH,AUTH# 798231 DEBIT CARD DEBIT","-$12.27","VABMAGcAagBpAEoAZgBuAGIAQwAvAEcAZgBXAG8AcwBYADQAcABrAHUAZwA9AD0A","","$3,317.76"
"07/12/2021","WITHDRAWAL-CASH CA- $-40.00 WITHDRAWAL-CASH","-$40.00","NQBRADYANwAvAGYAQgBNAEYARwBQADMAQgBRAEYATwA2AFcAcgBXADcAQQA9AD0A","","$3,330.03"
"07/12/2021","DB DEBIT - 7-10-2021, PAYPAL *DISNEY PLUS      402-935-7733 CA,AUTH# 59947 DEBIT CARD DEBIT","-$7.99","RQBEAHgAegB0AHoAcABUAGUAMwBmAFUAVgBtAGgANgBuAHoAMwA2ADQAdwA9AD0A","","$3,370.03"
"07/12/2021","DB DEBIT - 7-11-2021, SHELL OIL 57544923808    NASHUA       NH,AUTH# 45721 DEBIT CARD DEBIT","-$1.49","NgBmAFkAWgBnAGUAMgBpAGcAMQBJAHUAMQBUADcAVQBZADMAYwA5AFcAQQA9AD0A","","$3,378.02"
"07/12/2021","DB DEBIT - 7-11-2021, SHELL OIL 57544923808    NASHUA       NH,AUTH# 45608 DEBIT CARD DEBIT","-$9.99","eQBPADkAYQBGAGoAUQBwAEsAWQBEAHEAZQA5AHoAWgBBAGgATgA5AEoAdwA9AD0A","","$3,379.51"
"07/12/2021","DB DEBIT - 7-10-2021, THE PEDDLERS DAUGHTER    603-8217535  NH,AUTH# 14961 DEBIT CARD DEBIT","-$4.50","egBGAFAARgBNADMAZQBQAGwAMgBPADUAcgBoAGMAOQB6AHEAQQBkAFQAZwA9AD0A","","$3,389.50"
"07/12/2021","DB DEBIT - 7-10-2021, CASA VIEJA               603-9437240  NH,AUTH# 32588 DEBIT CARD DEBIT","-$20.99","KwBhAFgAMQB4AHEAYwBSAGYARQBLAGMALwBEAGMASAArAHcAVABrAHEAQQA9AD0A","","$3,394.00"
"07/12/2021","DB DEBIT - 7-09-2021, CALIFORNIA BURRITOS LLC  603-7188745  NH,AUTH# 297109 DEBIT CARD DEBIT","-$10.46","cQBHADEAWABMAHYAVQBkAHEAOAByAHEARgB4ADMAUQBaADUASAA5ADIAZwA9AD0A","","$3,414.99"
"07/10/2021","DB DEBIT - 7-09-2021, GULF OIL 92037596        NASHUA       NH,AUTH# 306069 DEBIT CARD DEBIT","-$9.99","NwBKAE8AcAA1AGgASgBoADkANgBvAFIAMABuAE0AVQBEAHoASwA3AEUAQQA9AD0A","","$3,425.45"
"07/09/2021","DB DEBIT - 7-08-2021, SHELL OIL 57544923600    NASHUA       NH,AUTH# 212200 DEBIT CARD DEBIT","-$10.13","MQBOAHIARAB1AHEAeABFAHIAcgA4ADkAYQBLAE8ASwA0AC8ATAArAHkAQQA9AD0A","","$3,435.44"
"07/08/2021","ELECTRONIC DEPOSIT - 1501HEADWALL PHOPAYROLL   070321","$644.63","WAA3AHEAOQBjADcAdABaAGQAQwBjAEcASwAyAEIAZgBqAFAAYgB3AHUAdwA9AD0A","","$3,445.57"
"07/06/2021","DB DEBIT - 7-06-2021, CHIPOTLE ONLINE          CHIPOTLE.COM CA,AUTH# 664834 DEBIT CARD DEBIT","-$30.17","LwBBAE0AcwAzAFEARwB1AHQAcgBQAHoAMwBLAEoAMQArAFEAUABTAGcAZwA9AD0A","","$2,800.94"
"07/06/2021","ELECTRONIC WITHDRAWAL SUBSCRIPTION    ACORNS    070621","-$1.00","WQBlAEcANABSAEIAUwBvAFYAcgBZADMANQBjAFQARQA5AEIATQBUADYAUQA9AD0A","","$2,831.11"
"07/06/2021","DB DEBIT - 7-06-2021, VENMO*                   VISA DIRECT  NY,AUTH# 761108 DEBIT CARD DEBIT","-$10.00","UAB2AE0AbAB1ADMAKwBEAFAAcgBDAHQAbQBMAG8ASQBiAG4ASgBOAHkAQQA9AD0A","","$2,832.11"
"07/06/2021","DB DEBIT - 7-06-2021, VENMO*                   VISA DIRECT  NY,AUTH# 759948 DEBIT CARD DEBIT","-$44.00","cABRAGMAQQAwADgAKwBNAGEAUgBOAGIAcwByAEYAMABlAHkAcQBtAEkAdwA9AD0A","","$2,842.11"
"07/06/2021","DB DEBIT - 7-04-2021, E-Z MIDWAY LIQUORS       WESTERLY     RI,AUTH# 97172 DEBIT CARD DEBIT","-$15.99","MgBjAFAARgBjAEoARwBNADIANABKAE0AMABkADAAQQBxAFUAdgBSADkAdwA9AD0A","","$2,886.11"
"07/06/2021","DB DEBIT - 7-04-2021, MANSFIELD ULTRA          MANSFIELD    CT,AUTH# 72081 DEBIT CARD DEBIT","-$4.44","YgBLAGcANQAxADYAZQBIAFgAQwBGADIAeQBJAEIATwBXAEgAQwBRADEAQQA9AD0A","","$2,902.10"
"07/06/2021","DB DEBIT - 7-04-2021, MANSFIELD ULTRA          MANSFIELD    CT,AUTH# 69655 DEBIT CARD DEBIT","-$33.65","TABhAHkAagBFADkATgA4AEcAZgBRAEUAdQBDAGkANwBsAFEAUQA0ADgAdwA9AD0A","","$2,906.54"
"07/06/2021","DB DEBIT - 7-03-2021, HUSKIES RESTAURANT   BA  STORRS MANFLDCT,AUTH# 689988 DEBIT CARD DEBIT","-$22.27","RAAzAHgASwB2AEEAZgB6AE0AeQBQAGEAcwBvADUANABWAFIAVQA1AEIAdwA9AD0A","","$2,940.19"
"07/06/2021","DB DEBIT - 7-03-2021, HUSKIES RESTAURANT   BA  STORRS MANFLDCT,AUTH# 717233 DEBIT CARD DEBIT","-$8.91","TgB2ADIARwBnAHkANwBoAGoAcABvAEkAMwBGAEMAcQB5AFoAUwBKAGYAdwA9AD0A","","$2,962.46"
"07/06/2021","DB DEBIT - 7-04-2021, GOPUFF                   185-540-0783 PA,AUTH# 731892 DEBIT CARD DEBIT","-$14.53","dQB6ADQANgBWAHoAaABJADAAZwB5ADcAOABGAGcAYgBWAFQAMwBaAEoAZwA9AD0A","","$2,971.37"
"07/06/2021","TRANSFER TO MBR 5136510 ACCT 5 07/04/2021 03:54 5458. NISSAN INSURANCE - ","-$56.16","aAB2AFgARgAvAFcANwBFAEkAWQBrAEMAawA3ADUARQAzAHAAagBJADgAZwA9AD0A","","$2,985.90"